Campaign_ID,Platform,Ad_Spend,Impressions,Clicks,Conversions,Revenue,Region,Age_Group,Start_Date,End_Date,Campaign_Type,Targeted_Location,CTR,Conversion_Rate,ROI,Content Production (45%),Distribution (35%),Analytics (20%)
1,Twitter,12706,752830,338,1625,94461,Asia,35-44,7/16/23,7/21/23,Lead Generation,Shanghai,0.04%,481%,643%,2901.186296,4048.134062,5756.679643
2,Twitter,16466,514861,48190,1466,98314,Africa,35-44,10/30/23,11/28/23,Conversion,Lagos,9.36%,3%,497%,5634.720389,8737.650887,2093.628724
3,TikTok,15269,259601,7907,186,82473,Europe,18-24,12/1/23,12/18/23,Lead Generation,London,3.05%,2%,440%,4994.171632,4784.626922,5490.201446
4,LinkedIn,11001,486637,29214,794,92907,South America,35-44,11/10/23,11/27/23,Awareness,Bogotá,6.00%,3%,745%,5263.434636,4216.598325,1520.967039
5,Instagram,3658,680494,14902,281,98900,Africa,18-24,9/23/23,10/1/23,Lead Generation,Cairo,2.19%,2%,2604%,884.7651769,2048.161607,725.073216
6,TikTok,10480,627756,22547,1913,66561,South America,55+,3/18/23,3/26/23,Conversion,Buenos Aires,3.59%,8%,535%,2268.912886,4856.478508,3354.608606
7,TikTok,4845,387240,25279,1336,3203,North America,35-44,10/5/23,10/26/23,Conversion,Los Angeles,6.53%,5%,-34%,1755.826753,2243.446331,845.7269156
8,Twitter,1494,632437,36978,1410,79157,Asia,45-54,4/7/23,4/28/23,Conversion,Mumbai,5.85%,4%,5198%,455.053718,763.9729268,274.9733552
9,Twitter,6997,239812,15778,51,44998,South America,25-34,3/9/23,3/31/23,Conversion,Buenos Aires,6.58%,0%,543%,3344.44746,3264.571558,387.9809829
10,Facebook,13317,58067,10453,929,29387,South America,35-44,11/14/23,12/14/23,Conversion,Buenos Aires,18.00%,9%,121%,3398.097663,4853.384977,5065.51736
11,TikTok,2426,615493,48429,422,97577,South America,45-54,3/2/23,3/30/23,Conversion,São Paulo,7.87%,1%,3922%,499.9955827,1438.802319,487.2020979
12,Facebook,9819,763848,16199,1884,64983,Asia,55+,2/13/23,3/9/23,Awareness,Tokyo,2.12%,12%,562%,4570.937444,4889.214333,358.848223
13,Twitter,15600,402378,23352,1337,75047,North America,25-34,7/31/23,8/19/23,Awareness,Los Angeles,5.80%,6%,381%,5644.097675,7290.594625,2665.3077
14,Instagram,11860,797415,10825,810,48461,North America,25-34,4/9/23,4/13/23,Conversion,Toronto,1.36%,7%,309%,5782.887294,4584.329063,1492.783643
15,Facebook,820,811985,32216,61,13728,North America,25-34,10/9/23,10/10/23,Lead Generation,Toronto,3.97%,0%,1574%,275.1604876,298.5925301,246.2469823
16,TikTok,5701,726423,28734,1914,29436,South America,25-34,2/22/23,2/25/23,Conversion,Bogotá,3.96%,7%,416%,2681.16236,2102.392644,917.4449956
17,Instagram,13934,839028,1306,26,25955,North America,45-54,1/6/23,1/9/23,Awareness,Los Angeles,0.16%,2%,86%,3128.984857,7323.820882,3481.194261
18,TikTok,6316,781395,48251,1670,18899,Africa,35-44,4/5/23,5/4/23,Awareness,Nairobi,6.17%,3%,199%,1381.849,2462.021058,2472.129942
19,Instagram,17849,901115,21670,1071,93590,Europe,55+,12/24/23,1/14/24,Awareness,Madrid,2.40%,5%,424%,3828.46858,8952.643545,5067.887874
20,Instagram,11840,792963,13305,1942,69066,Africa,35-44,11/25/23,12/3/23,Awareness,Cape Town,1.68%,15%,483%,4488.546709,5565.568138,1785.885152
21,Twitter,5342,33580,32892,415,53580,Europe,45-54,2/25/23,3/11/23,Awareness,Madrid,97.95%,1%,903%,1361.294348,3077.218532,903.48712
22,Instagram,11071,254212,34286,1213,29225,Europe,25-34,9/6/23,9/7/23,Lead Generation,London,13.49%,4%,164%,4386.893626,5466.475731,1217.630643
23,Facebook,9467,494827,27445,1975,89315,South America,45-54,3/5/23,3/31/23,Lead Generation,Bogotá,5.55%,7%,843%,3633.226122,4807.88333,1025.890548
24,Twitter,3695,685327,34545,243,22116,Europe,18-24,11/1/23,11/28/23,Awareness,Madrid,5.04%,1%,499%,1468.083363,1781.839328,445.0773092
25,TikTok,6496,242013,5221,1683,14425,South America,45-54,8/12/23,8/23/23,Conversion,Buenos Aires,2.16%,32%,122%,2994.492231,3625.04795,-123.5401803
26,Facebook,19152,861988,5824,351,28179,Africa,55+,1/1/23,1/23/23,Conversion,Nairobi,0.68%,6%,47%,6167.920787,6234.964127,6749.115086
27,Facebook,12231,397970,14571,534,37377,South America,45-54,7/17/23,8/13/23,Lead Generation,Bogotá,3.66%,4%,206%,3761.52746,6438.135227,2031.337314
28,Twitter,3139,325048,45212,1615,38158,South America,35-44,9/22/23,10/20/23,Conversion,São Paulo,13.91%,4%,1116%,655.9078391,1042.037478,1441.054683
29,TikTok,19974,251346,39370,552,4538,Asia,18-24,9/10/23,9/23/23,Lead Generation,Seoul,15.66%,1%,-77%,5449.039493,6964.391713,7560.568794
30,TikTok,8501,855217,35524,1435,30153,North America,55+,2/8/23,2/23/23,Awareness,Chicago,4.15%,4%,255%,4199.713409,4076.264596,225.0219958
31,Instagram,11202,629054,44992,1360,64861,Asia,35-44,4/15/23,5/8/23,Lead Generation,Shanghai,7.15%,3%,479%,2529.576844,6277.272953,2395.150203
32,TikTok,1836,14165,48429,644,9901,North America,35-44,4/5/23,4/20/23,Awareness,Toronto,341.89%,1%,439%,876.140179,898.3464057,61.51341532
33,TikTok,14488,972752,19691,1729,58641,North America,18-24,11/24/23,11/30/23,Conversion,Chicago,2.02%,9%,305%,4109.316077,6230.2636,4148.420322
34,TikTok,6434,336551,44415,269,15510,North America,55+,7/13/23,8/6/23,Conversion,Chicago,13.20%,1%,141%,1669.121334,2041.004812,2723.873854
35,LinkedIn,12399,195322,38615,167,75375,Africa,25-34,1/29/23,2/17/23,Awareness,Cape Town,19.77%,0%,508%,4144.048848,6699.261338,1555.689814
36,Twitter,7877,744022,3389,889,5902,Asia,45-54,5/5/23,5/16/23,Awareness,Seoul,0.46%,26%,-25%,2650.132386,2553.742478,2673.125136
37,Instagram,11840,553364,42220,1186,79269,Africa,18-24,7/17/23,7/18/23,Conversion,Lagos,7.63%,3%,570%,3370.242545,3820.245641,4649.511814
38,LinkedIn,4144,418928,6677,282,59620,Europe,18-24,9/2/23,9/9/23,Conversion,Madrid,1.59%,4%,1339%,1396.565651,1308.839603,1438.594747
39,Twitter,9534,584249,31323,1579,44454,South America,25-34,8/10/23,8/17/23,Conversion,Lima,5.36%,5%,366%,2850.753061,4178.144731,2505.102208
40,Twitter,19166,691417,41215,489,93720,Europe,55+,9/26/23,10/21/23,Conversion,Berlin,5.96%,1%,389%,6452.848942,6510.596632,6202.554426
41,Facebook,15394,560830,36063,1548,80862,North America,18-24,11/22/23,12/20/23,Conversion,Los Angeles,6.43%,4%,425%,6045.674613,7714.392203,1633.933185
42,LinkedIn,7259,382812,40211,1976,73661,Europe,55+,11/27/23,12/13/23,Awareness,London,10.50%,5%,915%,2969.194711,3276.673051,1013.132238
43,TikTok,18700,49523,24086,357,74933,Europe,55+,2/9/23,3/2/23,Awareness,Berlin,48.64%,1%,301%,9289.351585,8159.379437,1251.268978
44,Facebook,17578,146683,30440,1855,95801,Europe,35-44,12/9/23,12/12/23,Conversion,London,20.75%,6%,445%,6531.166832,9415.737364,1631.095804
45,TikTok,3828,780653,13639,1164,86890,Europe,35-44,8/28/23,8/30/23,Conversion,Madrid,1.75%,9%,2170%,869.8766087,2119.697981,838.4254107
46,Twitter,1043,241729,47187,950,70793,Asia,25-34,2/8/23,2/18/23,Lead Generation,Mumbai,19.52%,2%,6687%,511.7837432,410.164029,121.0522278
47,Facebook,9464,726225,8155,1643,44037,South America,18-24,8/16/23,9/2/23,Awareness,São Paulo,1.12%,20%,365%,3121.491964,4901.693931,1440.814105
48,Twitter,6501,296705,15897,357,65326,Africa,25-34,9/9/23,10/9/23,Awareness,Cape Town,5.36%,2%,905%,1804.812331,2876.061377,1820.126292
49,LinkedIn,19521,234856,27339,998,62685,Asia,35-44,3/23/23,4/20/23,Conversion,Seoul,11.64%,4%,221%,7406.686303,5863.966653,6250.347044
50,Twitter,1805,576136,25259,900,70713,South America,18-24,11/9/23,11/27/23,Awareness,Lima,4.38%,4%,3818%,652.6011183,881.5980064,270.8008752
51,Facebook,10924,136301,48644,826,83600,North America,25-34,1/18/23,1/28/23,Awareness,New York,35.69%,2%,665%,5103.073146,5054.469924,766.4569306
52,Facebook,7236,970014,33465,378,38867,North America,45-54,2/10/23,2/21/23,Conversion,Toronto,3.45%,1%,437%,2225.667123,3930.800126,1079.532751
53,Facebook,17401,994442,45106,921,39479,South America,35-44,8/18/23,8/30/23,Awareness,Lima,4.54%,2%,127%,6561.022381,10261.17253,578.8050912
54,Facebook,15137,275094,17138,160,6525,North America,25-34,1/28/23,2/12/23,Lead Generation,Chicago,6.23%,1%,-57%,5628.749645,7239.4906,2268.759755
55,Facebook,16345,638919,41230,1788,43364,Africa,45-54,7/9/23,8/3/23,Lead Generation,Cape Town,6.45%,4%,165%,7690.004842,6103.894178,2551.10098
56,TikTok,14149,821093,4262,1392,36185,Africa,55+,12/19/23,12/30/23,Awareness,Lagos,0.52%,33%,156%,6879.658402,4547.752937,2721.588661
57,LinkedIn,16881,717725,27041,1680,75485,Asia,18-24,4/29/23,4/30/23,Awareness,Shanghai,3.77%,6%,347%,4059.422459,6953.306453,5868.271088
58,LinkedIn,10407,197052,23193,1036,43717,North America,55+,7/10/23,7/26/23,Conversion,Toronto,11.77%,4%,320%,2612.07339,5942.094245,1852.832365
59,LinkedIn,18768,172529,7658,1407,81799,Europe,18-24,8/3/23,8/13/23,Conversion,Berlin,4.44%,18%,336%,7408.270554,6123.870029,5235.859417
60,Instagram,5200,591873,47491,1836,44127,South America,25-34,3/11/23,3/19/23,Conversion,São Paulo,8.02%,4%,749%,1374.247421,3088.357736,737.3948428
61,Twitter,13767,269004,38605,1139,67267,Europe,18-24,8/24/23,9/18/23,Lead Generation,London,14.35%,3%,389%,6559.931559,5290.742401,1916.326041
62,Instagram,19764,290667,19061,1898,68487,Asia,55+,12/4/23,12/6/23,Conversion,Tokyo,6.56%,10%,247%,4178.831357,5975.718266,9609.450377
63,Twitter,542,61188,17028,1238,39034,South America,18-24,5/6/23,5/17/23,Conversion,São Paulo,27.83%,7%,7102%,132.9493026,168.1813478,240.8693496
64,TikTok,15624,288614,17120,1214,64445,Africa,45-54,6/13/23,7/3/23,Lead Generation,Cairo,5.93%,7%,312%,5013.999835,7879.412269,2730.587896
65,Twitter,10062,567194,28664,1756,95814,Asia,35-44,11/20/23,12/12/23,Conversion,Mumbai,5.05%,6%,852%,4234.381656,5592.940709,234.6776356
66,Instagram,19383,51484,34046,920,2336,Africa,45-54,4/22/23,5/15/23,Conversion,Nairobi,66.13%,3%,-88%,6213.031361,9302.213409,3867.755231
67,Twitter,10351,976551,8423,8,34639,South America,18-24,8/11/23,8/14/23,Awareness,Buenos Aires,0.86%,0%,235%,3865.741504,4761.973401,1723.285095
68,Twitter,16001,501991,43694,1190,21674,Europe,35-44,5/1/23,5/17/23,Awareness,Madrid,8.70%,3%,35%,3308.165008,6528.629136,6164.205856
69,Instagram,12403,215742,22049,608,12788,Europe,55+,8/8/23,9/5/23,Conversion,Paris,10.22%,3%,3%,3247.957083,5528.830703,3626.212214
70,Instagram,17605,394843,34789,676,34966,Asia,25-34,1/16/23,1/22/23,Lead Generation,Tokyo,8.81%,2%,99%,4625.859057,5888.406937,7090.734006
71,TikTok,11638,273382,8074,1405,50119,Asia,35-44,12/30/23,1/24/24,Conversion,Seoul,2.95%,17%,331%,5556.284675,6381.553165,-299.8378401
72,TikTok,5370,413975,48091,1005,55223,North America,18-24,7/26/23,8/21/23,Awareness,Los Angeles,11.62%,2%,928%,1318.280743,2046.607643,2005.111614
73,LinkedIn,12395,399403,19329,1215,72027,Asia,25-34,9/6/23,9/15/23,Conversion,Shanghai,4.84%,6%,481%,4050.564847,6050.225288,2294.209864
74,Twitter,15114,620767,18403,1650,53804,Europe,25-34,7/24/23,7/25/23,Awareness,Madrid,2.96%,9%,256%,3980.112668,5042.880618,6091.006714
75,Instagram,8050,441311,32205,186,78415,Europe,55+,7/8/23,7/25/23,Lead Generation,Berlin,7.30%,1%,874%,4020.306543,4166.893683,-137.2002266
76,Facebook,12131,251545,10122,1467,7872,North America,25-34,5/13/23,5/31/23,Lead Generation,New York,4.02%,14%,-35%,3130.772639,3691.071219,5309.156141
77,LinkedIn,18965,810873,24193,1496,53148,Asia,25-34,3/13/23,3/26/23,Lead Generation,Seoul,2.98%,6%,180%,7016.2701,10182.48345,1766.246448
78,LinkedIn,13458,622268,12881,1217,32468,Asia,25-34,3/25/23,4/15/23,Awareness,Shanghai,2.07%,9%,141%,5971.568912,7649.256589,-162.8255014
79,LinkedIn,1899,54676,36889,49,55901,Europe,55+,4/18/23,4/21/23,Awareness,London,67.47%,0%,2844%,877.8521508,723.4931922,297.654657
80,Twitter,13910,57989,44385,1376,34221,North America,25-34,7/12/23,7/24/23,Lead Generation,Toronto,76.54%,3%,146%,5170.099403,6685.602852,2054.297745
81,Instagram,18341,848762,48209,1412,79231,Europe,45-54,2/5/23,2/19/23,Awareness,Berlin,5.68%,3%,332%,5845.438512,9801.970623,2693.590865
82,Instagram,2289,904953,21404,828,83167,Africa,55+,9/13/23,9/30/23,Conversion,Nairobi,2.37%,4%,3533%,848.9663751,971.2875418,468.7460831
83,Twitter,18164,90854,24132,529,10973,Asia,55+,12/8/23,1/5/24,Conversion,Shanghai,26.56%,2%,-40%,8407.572319,8850.788401,905.6392796
84,Instagram,10471,827097,6120,803,30328,South America,35-44,12/25/23,1/15/24,Lead Generation,Buenos Aires,0.74%,13%,190%,3277.58082,6045.624652,1147.794528
85,Twitter,19554,539116,47409,59,809,Asia,25-34,3/7/23,3/26/23,Lead Generation,Seoul,8.79%,0%,-96%,6331.978522,9401.137322,3820.884156
86,TikTok,10440,881380,3765,897,11873,Africa,25-34,12/30/23,1/13/24,Conversion,Lagos,0.43%,24%,14%,3427.463053,3345.406028,3667.130919
87,Instagram,10507,5452,39840,1886,25122,South America,45-54,9/15/23,10/5/23,Awareness,Bogotá,730.74%,5%,139%,4497.092129,4582.265102,1427.642769
88,Facebook,6367,644409,48318,1415,59592,Asia,45-54,4/12/23,5/5/23,Awareness,Mumbai,7.50%,3%,836%,2354.950702,2337.04124,1675.008058
89,Twitter,10186,816053,38144,1871,16640,Asia,45-54,8/29/23,9/8/23,Lead Generation,Shanghai,4.67%,5%,63%,4012.477838,4119.069359,2054.452803
90,Twitter,16409,759484,36255,1206,78996,North America,55+,11/20/23,12/3/23,Awareness,Toronto,4.77%,3%,381%,4885.890866,7949.496364,3573.61277
91,TikTok,2392,852454,10882,538,14613,South America,45-54,10/3/23,10/14/23,Lead Generation,Lima,1.28%,5%,511%,1125.100331,945.7557122,321.1439571
92,TikTok,17862,880551,31535,792,69043,South America,35-44,2/12/23,2/19/23,Lead Generation,São Paulo,3.58%,3%,287%,8565.485923,7267.756908,2028.757169
93,TikTok,14626,830635,13259,1828,11207,Europe,45-54,7/2/23,7/20/23,Awareness,Paris,1.60%,14%,-23%,5109.896373,6356.495363,3159.608264
94,TikTok,12476,851857,13910,935,52265,North America,55+,11/9/23,11/25/23,Lead Generation,Chicago,1.63%,7%,319%,5292.823661,4252.796028,2930.380311
95,LinkedIn,1241,604746,8152,1143,67546,South America,35-44,10/28/23,11/27/23,Lead Generation,Bogotá,1.35%,14%,5343%,296.4222818,497.8910566,446.6866616
96,TikTok,18346,769258,35684,452,60197,Asia,55+,1/1/23,1/31/23,Lead Generation,Mumbai,4.64%,1%,228%,6247.777899,10242.82465,1855.397455
97,TikTok,12819,970632,33717,937,35938,Africa,18-24,2/10/23,2/27/23,Conversion,Cairo,3.47%,3%,180%,4185.757812,5901.185281,2732.056907
98,LinkedIn,15642,200719,41029,473,11227,North America,25-34,6/12/23,6/14/23,Lead Generation,Los Angeles,20.44%,1%,-28%,7636.423051,6684.286765,1321.290184
99,LinkedIn,2230,671960,28419,1001,61017,North America,25-34,8/26/23,9/22/23,Conversion,Chicago,4.23%,4%,2636%,989.6394962,942.8505631,297.5099407
100,Instagram,2716,179057,16225,1732,22207,Asia,18-24,1/17/23,1/24/23,Awareness,Seoul,9.06%,11%,718%,1317.801893,1083.611337,314.5867703
101,Twitter,1975,624575,6269,1618,63680,Europe,18-24,11/26/23,12/26/23,Awareness,Madrid,1.00%,26%,3124%,693.379742,769.627807,511.992451
102,Twitter,14744,516690,28432,1162,20691,Europe,55+,1/11/23,1/17/23,Conversion,Berlin,5.50%,4%,40%,7046.340778,8054.862464,-357.203242
103,LinkedIn,1651,387896,2077,1169,13163,Asia,25-34,2/8/23,3/1/23,Awareness,Seoul,0.54%,56%,697%,706.9819352,568.4531676,375.5648972
104,Facebook,18118,387798,30287,564,54602,South America,55+,8/19/23,8/20/23,Lead Generation,Buenos Aires,7.81%,2%,201%,4597.155353,8090.275781,5430.568866
105,Twitter,7906,30187,49175,1614,82539,Africa,35-44,4/3/23,4/11/23,Conversion,Nairobi,162.90%,3%,944%,3844.342862,3889.406098,172.2510402
106,TikTok,17184,457641,20798,205,50184,Africa,35-44,11/27/23,11/28/23,Conversion,Cairo,4.54%,1%,192%,4835.934604,10262.23461,2085.830784
107,Twitter,12798,931986,32550,1264,63203,Europe,45-54,5/21/23,6/3/23,Awareness,Madrid,3.49%,4%,394%,3602.317962,7414.887558,1780.79448
108,Instagram,16949,399751,37120,1302,98124,Europe,18-24,3/27/23,3/30/23,Conversion,Berlin,9.29%,4%,479%,8053.716446,9224.096226,-328.8126726
109,Twitter,12164,495960,30444,222,18343,Africa,25-34,9/5/23,10/4/23,Awareness,Nairobi,6.14%,1%,51%,4234.386603,5414.839813,2514.773584
110,TikTok,19166,325962,18480,1610,7728,North America,35-44,8/13/23,9/12/23,Awareness,Los Angeles,5.67%,9%,-60%,5161.139667,10281.75866,3723.101671
111,Instagram,10404,681141,24780,1641,33153,Africa,45-54,7/23/23,7/28/23,Awareness,Cairo,3.64%,7%,219%,4551.887867,4561.273908,1290.838225
112,Facebook,8163,653974,15670,517,20986,Africa,35-44,3/19/23,3/29/23,Lead Generation,Cairo,2.40%,3%,157%,2691.27896,3345.465787,2126.255253
113,Twitter,6512,172166,26260,1047,1158,North America,35-44,1/21/23,2/16/23,Awareness,Chicago,15.25%,4%,-82%,3253.261116,2854.580212,404.1586718
114,Facebook,12021,309541,48191,552,29624,Africa,25-34,2/8/23,2/27/23,Conversion,Cape Town,15.57%,1%,146%,2995.576504,5219.320634,3806.102861
115,LinkedIn,8648,216720,21712,1636,64451,Asia,45-54,3/15/23,4/12/23,Conversion,Tokyo,10.02%,8%,645%,3878.993878,3482.165335,1286.840787
116,Facebook,5849,446847,21341,1004,79434,Asia,25-34,12/11/23,12/18/23,Lead Generation,Tokyo,4.78%,5%,1258%,1499.1768,3192.301574,1157.521626
117,Instagram,14549,390714,11312,216,11559,Africa,18-24,10/7/23,10/8/23,Awareness,Nairobi,2.90%,2%,-21%,3921.544517,8572.269141,2055.186343
118,Twitter,15913,139360,20786,1552,7993,North America,25-34,11/22/23,12/7/23,Lead Generation,Toronto,14.92%,7%,-50%,5176.38266,5170.059921,5566.557419
119,Instagram,6905,517247,6831,1963,25369,Europe,18-24,11/15/23,12/2/23,Lead Generation,Madrid,1.32%,29%,267%,3375.923568,3627.537551,-98.46111977
120,TikTok,18009,567930,5683,1269,79276,Asia,45-54,10/28/23,11/19/23,Lead Generation,Tokyo,1.00%,22%,340%,6795.746781,8086.011587,3127.241632
121,Instagram,7424,49727,23871,1889,5345,South America,35-44,4/23/23,5/5/23,Conversion,São Paulo,48.00%,8%,-28%,2534.934989,3838.350341,1050.714669
122,Instagram,13862,142035,39686,316,87051,Asia,25-34,4/10/23,4/21/23,Lead Generation,Tokyo,27.94%,1%,528%,6462.702748,5422.747139,1976.550113
123,TikTok,13433,850196,47857,898,93215,North America,55+,7/22/23,7/26/23,Awareness,Los Angeles,5.63%,2%,594%,5741.417531,7272.874498,418.7079701
124,TikTok,10134,794145,27315,1309,5404,Africa,25-34,11/26/23,12/25/23,Conversion,Nairobi,3.44%,5%,-47%,2527.834595,4390.180814,3215.984591
125,LinkedIn,11841,510945,14324,1354,50304,Europe,45-54,12/31/23,1/18/24,Lead Generation,Berlin,2.80%,9%,325%,4717.922488,5644.024577,1479.052935
126,Facebook,9544,746966,25,732,28221,Europe,35-44,9/21/23,10/1/23,Conversion,London,0.00%,2928%,196%,2415.889771,5712.286254,1415.823975
127,LinkedIn,8038,850596,22245,1005,91699,Africa,35-44,9/28/23,10/7/23,Lead Generation,Lagos,2.62%,5%,1041%,3336.191339,2980.028986,1721.779674
128,LinkedIn,6205,670743,27964,1819,17499,Africa,55+,3/18/23,3/20/23,Awareness,Cairo,4.17%,7%,182%,2055.122024,3269.399364,880.4786125
129,TikTok,684,654082,5466,1605,82391,Asia,35-44,1/13/23,1/27/23,Awareness,Tokyo,0.84%,29%,11945%,227.3009425,294.5418959,162.1571617
130,LinkedIn,10531,617746,22640,252,93779,North America,18-24,7/5/23,7/14/23,Lead Generation,Chicago,3.66%,1%,791%,4909.306702,3529.723254,2091.970044
131,Instagram,6442,884320,42043,14,43320,North America,45-54,6/17/23,6/28/23,Awareness,New York,4.75%,0%,572%,2091.942721,2248.933194,2101.124085
132,Twitter,2444,35100,7880,1375,95094,Europe,55+,9/27/23,9/28/23,Lead Generation,Madrid,22.45%,17%,3791%,557.7973281,1043.460602,842.7420701
133,Facebook,15143,98055,25164,50,68309,Europe,35-44,8/26/23,9/25/23,Conversion,Madrid,25.66%,0%,351%,3110.082685,5449.716058,6583.201256
134,TikTok,18851,31377,6519,1659,50463,Africa,35-44,2/27/23,2/28/23,Awareness,Nairobi,20.78%,25%,168%,5509.484266,6700.819263,6640.696471
135,Instagram,15216,356943,5784,288,19706,South America,45-54,10/3/23,10/16/23,Lead Generation,São Paulo,1.62%,5%,30%,3635.359247,4656.522623,6924.11813
136,LinkedIn,11440,75397,31127,880,33141,Europe,45-54,1/8/23,1/26/23,Lead Generation,Madrid,41.28%,3%,190%,4910.523985,5276.43425,1253.041766
137,Facebook,5654,682382,25355,492,76865,North America,18-24,2/26/23,3/3/23,Awareness,New York,3.72%,2%,1259%,1179.221606,2870.8176,1603.960794
138,Facebook,7601,654380,33120,1605,9249,South America,35-44,12/14/23,12/25/23,Conversion,São Paulo,5.06%,5%,22%,3702.005783,3222.914445,676.0797715
139,Twitter,4464,892574,47140,1946,21543,Asia,45-54,12/21/23,1/15/24,Lead Generation,Shanghai,5.28%,4%,383%,1772.109391,2521.833276,170.0573336
140,Instagram,14662,282826,467,556,98581,North America,25-34,9/26/23,10/5/23,Awareness,Los Angeles,0.17%,119%,572%,4202.26392,6043.715811,4416.020268
141,LinkedIn,13053,933329,1637,1331,5344,North America,35-44,11/12/23,11/28/23,Lead Generation,Los Angeles,0.18%,81%,-59%,3156.653604,4239.985791,5656.360604
142,Instagram,14906,87424,82,277,22495,Africa,35-44,3/13/23,4/10/23,Conversion,Cape Town,0.09%,338%,51%,6142.841812,8629.123631,134.0345574
143,Facebook,6431,644159,33824,1738,37886,South America,55+,1/30/23,2/28/23,Conversion,São Paulo,5.25%,5%,489%,1758.451852,2996.960306,1675.587842
144,Instagram,18509,461048,3047,938,6502,North America,25-34,10/3/23,10/24/23,Conversion,Toronto,0.66%,31%,-65%,3910.884137,7717.546555,6880.569308
145,Instagram,16396,973730,13060,487,14365,Europe,25-34,11/15/23,11/21/23,Conversion,Madrid,1.34%,4%,-12%,7002.602765,6095.51736,3297.879875
146,Facebook,11007,485603,2848,173,6641,North America,35-44,8/28/23,9/5/23,Conversion,New York,0.59%,6%,-40%,4167.60451,3726.731397,3112.664093
147,Facebook,16348,601556,25384,313,73957,North America,35-44,4/2/23,4/9/23,Lead Generation,Chicago,4.22%,1%,352%,3655.223369,8426.276819,4266.499812
148,Facebook,10011,558040,8808,1359,36528,Europe,25-34,1/22/23,1/25/23,Conversion,Berlin,1.58%,15%,265%,4898.888562,5227.938381,-115.8269427
149,Twitter,509,182422,12770,838,77672,Asia,35-44,4/21/23,5/8/23,Lead Generation,Seoul,7.00%,7%,15160%,214.7483931,283.6740988,10.57750802
150,Facebook,11000,246591,12950,1050,93615,South America,55+,9/19/23,10/2/23,Awareness,São Paulo,5.25%,8%,751%,4018.837774,4553.894259,2427.267967
151,Instagram,17074,728687,3416,148,91228,Africa,18-24,5/30/23,6/19/23,Awareness,Cairo,0.47%,4%,434%,8318.705501,9033.649477,-278.3549777
152,Instagram,4172,61749,27074,137,77421,Africa,45-54,12/15/23,1/1/24,Awareness,Nairobi,43.85%,1%,1756%,1779.812405,2065.387559,326.8000358
153,LinkedIn,2766,281932,3451,1258,77628,South America,35-44,8/22/23,9/16/23,Conversion,Bogotá,1.22%,36%,2707%,869.7640494,1599.534162,296.7017887
154,TikTok,5000,11850,12098,125,1907,North America,25-34,3/3/23,3/10/23,Conversion,Los Angeles,102.09%,1%,-62%,2154.580964,1916.342263,929.0767732
155,Instagram,6161,779073,7955,1382,79082,Europe,25-34,1/1/24,1/25/24,Conversion,Madrid,1.02%,17%,1184%,2815.653197,3544.661727,-199.3149242
156,Twitter,3057,660258,25155,811,16207,Europe,55+,6/17/23,6/29/23,Conversion,London,3.81%,3%,430%,721.1685765,1752.195838,583.6355854
157,Instagram,17040,787531,540,1336,95015,Africa,55+,6/10/23,6/12/23,Awareness,Lagos,0.07%,247%,458%,6432.746222,6152.441846,4454.811932
158,Twitter,11098,6724,24322,488,85835,Africa,55+,6/5/23,6/27/23,Awareness,Lagos,361.72%,2%,673%,5478.896774,6423.539504,-804.4362782
159,Facebook,16024,852282,16245,1041,48715,Asia,18-24,1/7/23,2/2/23,Conversion,Seoul,1.91%,6%,204%,6086.490449,8915.70986,1021.799691
160,Twitter,10148,532742,44659,1132,84827,Asia,18-24,3/31/23,4/7/23,Awareness,Tokyo,8.38%,3%,736%,2843.324805,5949.467681,1355.207514
161,Twitter,12480,30433,23763,956,191,Europe,35-44,11/28/23,12/19/23,Lead Generation,London,78.08%,4%,-98%,4760.307059,5563.312874,2156.380067
162,Twitter,7874,392194,4544,1065,4177,Asia,55+,11/30/23,12/27/23,Awareness,Mumbai,1.16%,23%,-47%,3274.884919,3416.285516,1182.829566
163,TikTok,12296,568055,34212,6,36855,South America,25-34,9/24/23,10/7/23,Lead Generation,São Paulo,6.02%,0%,200%,2781.993741,6667.251693,2846.754566
164,TikTok,7967,580355,42865,516,82574,North America,35-44,1/26/23,1/30/23,Conversion,New York,7.39%,1%,936%,2793.488984,2471.591549,2701.919467
165,Instagram,7619,343356,21228,301,98083,Asia,45-54,9/4/23,9/15/23,Lead Generation,Mumbai,6.18%,1%,1187%,2367.275791,2875.88475,2375.839459
166,Facebook,3923,229056,37188,1199,25848,North America,35-44,4/13/23,4/17/23,Lead Generation,New York,16.24%,3%,559%,1959.449402,1238.089247,725.461351
167,LinkedIn,11360,625413,6585,1488,19700,Asia,18-24,12/21/23,12/31/23,Awareness,Tokyo,1.05%,23%,73%,4902.29887,5877.20872,580.4924102
168,Instagram,14726,875780,35739,316,78596,Europe,45-54,2/18/23,3/13/23,Conversion,London,4.08%,1%,434%,3673.539468,6398.903465,4653.557067
169,Twitter,2809,217247,26622,1718,93760,Asia,35-44,5/24/23,6/20/23,Conversion,Shanghai,12.25%,6%,3238%,642.3631929,1591.667712,574.9690949
170,Instagram,11297,449586,21905,1816,50274,Europe,45-54,8/6/23,8/14/23,Conversion,London,4.87%,8%,345%,5563.223546,4255.707316,1478.069138
171,Instagram,17756,89128,47875,1687,66368,North America,25-34,4/23/23,5/18/23,Conversion,Chicago,53.71%,4%,274%,5226.546461,9561.381944,2968.071595
172,Facebook,1925,59825,27414,149,30568,Africa,35-44,2/2/23,2/4/23,Conversion,Lagos,45.82%,1%,1488%,851.2433327,1129.826991,-56.07032404
173,TikTok,18171,416800,28806,725,12581,Europe,55+,3/24/23,3/30/23,Awareness,Madrid,6.91%,3%,-31%,8776.711111,10023.88324,-629.5943521
174,Instagram,17277,30855,40290,442,58184,Asia,18-24,10/18/23,10/30/23,Awareness,Tokyo,130.58%,1%,237%,6727.11586,7730.553893,2819.330247
175,Facebook,18095,700086,8874,1855,51188,Asia,45-54,9/1/23,9/23/23,Lead Generation,Shanghai,1.27%,21%,183%,5725.821601,9642.591271,2726.587129
176,Facebook,15060,561489,30348,563,88284,South America,25-34,3/7/23,3/12/23,Lead Generation,São Paulo,5.40%,2%,486%,7342.846566,8719.28427,-1002.130836
177,TikTok,1652,496404,19993,453,5434,Asia,35-44,12/17/23,12/30/23,Conversion,Seoul,4.03%,2%,229%,783.4873375,812.4609975,56.05166499
178,LinkedIn,15024,534942,5742,509,10182,Europe,18-24,5/12/23,6/4/23,Lead Generation,London,1.07%,9%,-32%,5123.729548,4948.212763,4952.057689
179,Instagram,16146,569728,11280,1557,18732,Asia,35-44,8/8/23,9/6/23,Conversion,Shanghai,1.98%,14%,16%,7527.082645,7253.69663,1365.220725
180,TikTok,1076,427930,30587,1534,5680,North America,35-44,8/3/23,8/26/23,Awareness,Los Angeles,7.15%,5%,428%,481.916577,518.2656054,75.81781763
181,Facebook,10698,963365,19344,1862,81027,North America,55+,2/9/23,3/4/23,Awareness,Toronto,2.01%,10%,657%,4434.807712,5276.088583,987.1037046
182,LinkedIn,4761,105068,11410,413,78717,South America,35-44,11/16/23,11/23/23,Conversion,Bogotá,10.86%,4%,1553%,1240.161711,1814.377266,1706.461023
183,TikTok,11744,654491,29718,1215,42700,Asia,35-44,12/16/23,12/27/23,Awareness,Tokyo,4.54%,4%,264%,3154.296778,4856.839563,3732.863659
184,TikTok,10152,164079,31606,1718,97842,Europe,18-24,12/30/23,1/24/24,Lead Generation,London,19.26%,5%,864%,2041.009045,4272.983963,3838.006992
185,TikTok,6007,196600,28449,1952,49341,South America,45-54,12/28/23,1/18/24,Conversion,São Paulo,14.47%,7%,721%,1945.877602,2950.614526,1110.507872
186,Instagram,18933,501629,16977,1543,79796,South America,35-44,7/11/23,7/18/23,Awareness,Buenos Aires,3.38%,9%,321%,7738.081411,10684.31133,510.6072595
187,Facebook,7998,270260,10554,825,45943,South America,45-54,10/15/23,11/9/23,Awareness,Lima,3.91%,8%,474%,1746.009584,4375.544545,1876.445871
188,Facebook,1194,243194,36163,1846,94505,Africa,45-54,6/1/23,6/22/23,Lead Generation,Cairo,14.87%,5%,7815%,515.0537915,669.9147623,9.031446174
189,TikTok,8697,593685,20462,570,16192,Europe,45-54,12/23/23,1/19/24,Conversion,Paris,3.45%,3%,86%,3345.697323,4246.356362,1104.946315
190,TikTok,13509,26864,6464,1349,60643,South America,25-34,1/13/23,1/25/23,Lead Generation,São Paulo,24.06%,21%,349%,3421.261013,4826.25184,5261.487147
191,TikTok,16533,911903,22697,1825,22989,Africa,45-54,2/27/23,3/23/23,Conversion,Cape Town,2.49%,8%,39%,4466.122261,8001.625537,4065.252203
192,TikTok,1214,842316,6723,1989,97643,Asia,55+,8/30/23,9/8/23,Awareness,Tokyo,0.80%,30%,7943%,442.9038409,671.0816594,100.0144997
193,Facebook,2755,527477,14559,512,1397,North America,25-34,5/15/23,5/17/23,Awareness,Los Angeles,2.76%,4%,-49%,1193.530529,1009.960197,551.5092737
194,LinkedIn,18267,598194,21658,888,95767,North America,45-54,3/20/23,4/8/23,Conversion,Toronto,3.62%,4%,424%,6869.047842,7210.735085,4187.217072
195,TikTok,16156,515580,3313,1839,61213,North America,45-54,9/4/23,9/18/23,Awareness,Los Angeles,0.64%,56%,279%,6602.299339,6777.647041,2776.05362
196,LinkedIn,12353,501267,24837,1552,95372,North America,35-44,11/30/23,12/28/23,Lead Generation,New York,4.95%,6%,672%,5372.349218,5178.973716,1801.677066
197,Instagram,2916,702306,29520,787,57020,Africa,45-54,7/8/23,8/5/23,Conversion,Nairobi,4.20%,3%,1855%,1221.32574,1305.980307,388.6939528
198,Instagram,12763,421097,49830,1949,297,South America,55+,5/17/23,6/16/23,Awareness,São Paulo,11.83%,4%,-98%,5509.353084,7345.061762,-91.41484589
199,Twitter,13674,704495,24439,462,98500,South America,35-44,12/3/23,12/9/23,Lead Generation,Lima,3.47%,2%,620%,2929.591745,6634.916201,4109.492054
200,LinkedIn,18048,573622,36244,613,49814,Africa,55+,10/20/23,11/5/23,Lead Generation,Nairobi,6.32%,2%,176%,7629.969707,9030.109196,1387.921097
201,Facebook,9544,109169,15799,1891,17765,Asia,18-24,1/4/23,1/30/23,Conversion,Seoul,14.47%,12%,86%,3330.986621,3827.265671,2385.747709
202,Twitter,3022,66374,10168,1290,26059,South America,35-44,6/1/23,6/17/23,Conversion,Lima,15.32%,13%,762%,1426.418727,1116.023082,479.5581909
203,TikTok,4049,722393,13097,610,87641,Asia,25-34,10/7/23,10/14/23,Lead Generation,Seoul,1.81%,5%,2065%,1938.538678,1839.084351,271.3769707
204,Facebook,11703,904083,20295,1162,30769,Africa,25-34,11/25/23,12/14/23,Awareness,Cape Town,2.24%,6%,163%,3076.888303,3556.399697,5069.712
205,LinkedIn,13342,255384,25190,1847,45029,Europe,55+,12/31/23,1/29/24,Lead Generation,Madrid,9.86%,7%,237%,5685.846539,7183.226679,472.9267819
206,LinkedIn,12073,158049,25090,1812,15530,Europe,18-24,1/21/23,2/13/23,Lead Generation,London,15.87%,7%,29%,5932.968068,4271.805976,1868.225957
207,Facebook,4606,605831,38954,1440,24982,Asia,55+,7/27/23,8/16/23,Awareness,Seoul,6.43%,4%,442%,2028.527227,1972.842876,604.6298975
208,TikTok,10551,57581,18602,263,16800,Europe,35-44,12/11/23,1/1/24,Conversion,Berlin,32.31%,1%,59%,3419.264763,6310.36583,821.3694069
209,TikTok,4057,426324,29197,1886,417,South America,55+,3/29/23,4/24/23,Lead Generation,São Paulo,6.85%,6%,-90%,1981.716615,1806.808512,268.4748739
210,Instagram,16635,870873,22491,478,6830,Africa,18-24,7/16/23,8/5/23,Conversion,Cape Town,2.58%,2%,-59%,6468.919504,9819.997858,346.082638
211,Twitter,4149,518792,43953,1015,77242,Asia,55+,3/26/23,3/28/23,Lead Generation,Tokyo,8.47%,2%,1762%,1283.974054,2120.807528,744.2184183
212,Twitter,9843,446944,24807,498,75146,North America,18-24,8/14/23,9/11/23,Lead Generation,New York,5.55%,2%,663%,3860.57827,4780.803239,1201.618491
213,Twitter,9489,75285,3549,361,47291,North America,55+,7/27/23,8/8/23,Conversion,New York,4.71%,10%,398%,2816.938952,3073.331906,3598.729143
214,TikTok,18711,648531,31042,260,91658,North America,45-54,11/21/23,12/8/23,Conversion,Toronto,4.79%,1%,390%,7333.961415,6492.178783,4884.859802
215,TikTok,3878,158592,49718,1516,44864,Europe,35-44,4/14/23,4/16/23,Lead Generation,Paris,31.35%,3%,1057%,1136.888647,1533.411669,1207.699684
216,Facebook,7641,431572,36376,414,46198,North America,55+,5/17/23,6/5/23,Awareness,Chicago,8.43%,1%,505%,3363.472965,3008.990135,1268.536899
217,Facebook,12459,164673,49247,1026,73399,North America,18-24,10/9/23,10/28/23,Conversion,Toronto,29.91%,2%,489%,2744.221491,3854.016478,5860.762032
218,LinkedIn,8142,636099,31444,1995,82487,Europe,45-54,12/20/23,12/26/23,Lead Generation,Paris,4.94%,6%,913%,3853.030978,3469.053122,819.9159001
219,TikTok,10884,605104,44385,1,49815,Europe,35-44,10/7/23,10/22/23,Lead Generation,Berlin,7.34%,0%,358%,5334.740123,5220.123102,329.1367745
220,Facebook,12803,273097,18342,1850,75789,Europe,35-44,2/3/23,2/25/23,Awareness,Berlin,6.72%,10%,492%,5402.463472,6095.155692,1305.380837
221,TikTok,7713,196486,34686,1129,48744,Africa,18-24,7/18/23,8/1/23,Conversion,Cairo,17.65%,3%,532%,2681.62995,4435.694188,595.6758613
222,Instagram,16956,227480,31743,1787,27903,North America,35-44,1/1/24,1/13/24,Lead Generation,Los Angeles,13.95%,6%,65%,7708.216014,8968.995957,278.7880287
223,LinkedIn,2409,69818,7208,1629,72962,Europe,45-54,10/23/23,10/25/23,Conversion,Berlin,10.32%,23%,2929%,501.8148097,1232.102225,675.0829654
224,Facebook,10062,88561,9322,1721,58901,Europe,25-34,8/20/23,8/25/23,Lead Generation,Berlin,10.53%,18%,485%,2182.552473,4575.001883,3304.445644
225,Twitter,12259,850221,11419,1216,95873,Europe,45-54,11/7/23,11/19/23,Awareness,Madrid,1.34%,11%,682%,4287.141555,4897.022608,3074.835837
226,Twitter,2858,833599,31245,1651,24632,Europe,25-34,3/12/23,4/3/23,Lead Generation,Paris,3.75%,5%,762%,1173.384063,1031.121715,653.4942229
227,Twitter,1765,477142,1765,885,15954,Asia,18-24,10/17/23,11/13/23,Awareness,Mumbai,0.37%,50%,804%,402.2213534,1031.030755,331.747892
228,Facebook,6234,811456,49473,121,85933,Asia,55+,3/18/23,4/5/23,Lead Generation,Mumbai,6.10%,0%,1278%,2436.859693,2428.684745,1368.455562
229,Instagram,8092,563093,10929,1513,91458,Europe,35-44,7/12/23,8/9/23,Lead Generation,London,1.94%,14%,1030%,2587.159606,4286.540004,1218.30039
230,Facebook,8581,915440,45194,1014,57109,North America,55+,3/18/23,3/27/23,Awareness,Chicago,4.94%,2%,566%,3538.099557,4497.834291,545.0661522
231,LinkedIn,4982,279887,26537,239,48763,Europe,25-34,10/29/23,11/7/23,Lead Generation,Paris,9.48%,1%,879%,1917.364746,2066.379433,998.255821
232,Facebook,19978,874445,4990,265,33501,Europe,55+,6/4/23,6/28/23,Awareness,Berlin,0.57%,5%,68%,7303.276867,8751.509115,3923.214018
233,Twitter,1502,470249,18431,1236,48351,Europe,18-24,5/14/23,6/10/23,Conversion,Berlin,3.92%,7%,3119%,503.7899206,744.2478431,253.9622363
234,Twitter,19478,641079,20094,1692,15376,Asia,35-44,4/24/23,4/25/23,Awareness,Tokyo,3.13%,8%,-21%,4006.273371,8750.105242,6721.621387
235,LinkedIn,2197,960003,18055,96,12960,South America,45-54,9/28/23,10/3/23,Lead Generation,São Paulo,1.88%,1%,490%,990.7721522,901.4033241,304.8245237
236,Twitter,3699,358127,6347,76,53843,Africa,18-24,1/17/23,2/2/23,Conversion,Nairobi,1.77%,1%,1356%,1127.05356,1379.553412,1192.393028
237,Instagram,15268,442288,13431,1705,66947,South America,55+,4/15/23,4/19/23,Lead Generation,Bogotá,3.04%,13%,338%,6315.860519,6817.77134,2134.36814
238,Facebook,12325,412734,25855,420,14605,North America,25-34,12/9/23,12/10/23,Awareness,Los Angeles,6.26%,2%,18%,3823.174609,4556.953423,3944.871969
239,Twitter,19799,712951,18557,482,93346,Europe,18-24,4/21/23,5/13/23,Awareness,Berlin,2.60%,3%,371%,5533.207328,11847.85368,2417.938988
240,Facebook,2807,46877,17909,933,37064,Europe,45-54,8/15/23,8/21/23,Awareness,Berlin,38.20%,5%,1220%,746.7503327,1364.961484,695.2881831
241,Facebook,14704,702918,13319,1850,64759,South America,55+,10/1/23,10/10/23,Awareness,Buenos Aires,1.89%,14%,340%,5302.015978,5719.88209,3682.101932
242,Twitter,19543,90677,15559,1051,52212,Europe,18-24,7/30/23,8/26/23,Lead Generation,Madrid,17.16%,7%,167%,9587.319461,7551.09529,2404.585249
243,TikTok,6551,675730,9042,242,54916,South America,18-24,8/16/23,8/23/23,Awareness,Buenos Aires,1.34%,3%,738%,2099.787673,3230.293453,1220.918873
244,Instagram,12962,707680,27990,1187,95340,South America,25-34,11/7/23,11/24/23,Awareness,Buenos Aires,3.96%,4%,636%,3515.873807,4001.956071,5444.170122
245,TikTok,10708,645577,27299,23,7488,South America,35-44,1/1/24,1/17/24,Awareness,São Paulo,4.23%,0%,-30%,4880.274203,6252.779441,-425.0536439
246,LinkedIn,2443,421026,41882,310,93629,North America,35-44,11/10/23,11/18/23,Lead Generation,Toronto,9.95%,1%,3733%,1063.779888,1360.578029,18.64208307
247,LinkedIn,17195,848043,26457,235,4764,Europe,25-34,12/4/23,12/15/23,Conversion,London,3.12%,1%,-72%,5716.209031,7724.147244,3754.643725
248,TikTok,10722,553229,16201,1082,44672,South America,35-44,3/30/23,4/22/23,Awareness,Bogotá,2.93%,7%,317%,3070.816892,5096.962939,2554.220169
249,LinkedIn,1810,643896,22181,538,99361,South America,18-24,8/30/23,9/3/23,Awareness,Bogotá,3.44%,2%,5390%,612.558033,996.1439785,201.2979885
250,Instagram,7615,729600,22933,982,8898,South America,55+,7/8/23,7/24/23,Awareness,São Paulo,3.14%,4%,17%,3602.868219,3745.480863,266.6509182
251,Facebook,10188,525306,2411,1879,62728,North America,18-24,11/8/23,11/28/23,Conversion,Toronto,0.46%,78%,516%,3053.75798,5626.755615,1507.486406
252,Instagram,744,801666,20285,992,72618,Africa,55+,7/5/23,7/26/23,Conversion,Nairobi,2.53%,5%,9660%,307.8311205,415.1066773,21.06220216
253,LinkedIn,15105,901769,7036,1633,99612,Europe,35-44,7/19/23,8/10/23,Lead Generation,Paris,0.78%,23%,559%,5896.531925,4821.296779,4387.171296
254,Instagram,16550,244368,41167,1098,75280,Asia,55+,12/27/23,12/31/23,Lead Generation,Seoul,16.85%,3%,355%,7083.387399,6777.895707,2688.716893
255,LinkedIn,5855,66160,11819,149,9699,North America,55+,3/20/23,4/7/23,Conversion,New York,17.86%,1%,66%,2106.174643,3258.088651,490.7367057
256,TikTok,8608,258405,587,384,17457,Africa,35-44,5/9/23,5/14/23,Conversion,Cape Town,0.23%,65%,103%,3790.514234,3425.888913,1391.596854
257,LinkedIn,12201,883325,13455,1347,17988,Europe,35-44,12/18/23,1/5/24,Lead Generation,Paris,1.52%,10%,47%,6036.847843,4533.459861,1630.692296
258,LinkedIn,5944,747312,42955,981,38490,South America,35-44,6/9/23,7/3/23,Lead Generation,Lima,5.75%,2%,548%,2024.410608,2435.324969,1484.264423
259,Twitter,11691,485920,13858,396,25046,Asia,35-44,1/13/23,2/12/23,Awareness,Shanghai,2.85%,3%,114%,3188.065713,6369.937161,2132.997126
260,Facebook,13069,652022,38851,644,1746,North America,55+,6/28/23,7/28/23,Lead Generation,Los Angeles,5.96%,2%,-87%,4783.161156,6435.188876,1850.649968
261,Facebook,2087,60888,4453,1847,51618,Africa,25-34,1/30/23,2/18/23,Lead Generation,Lagos,7.31%,41%,2373%,758.4094566,969.8685948,358.7219485
262,Twitter,3378,798668,29288,975,99464,North America,35-44,6/7/23,6/30/23,Awareness,Toronto,3.67%,3%,2844%,1160.401002,1895.462796,322.1362025
263,Instagram,8535,36333,32973,722,86319,Europe,25-34,12/30/23,1/19/24,Lead Generation,Madrid,90.75%,2%,911%,3145.658183,4726.362967,662.9788497
264,TikTok,2619,729779,25216,1707,77324,Europe,25-34,5/8/23,6/4/23,Conversion,Paris,3.46%,7%,2852%,617.5247799,800.6428097,1200.83241
265,Twitter,9220,949301,48985,1569,46732,Africa,35-44,1/29/23,2/24/23,Awareness,Cape Town,5.16%,3%,407%,2127.143765,4080.80716,3012.049075
266,Instagram,12675,8184,28970,995,77175,Europe,55+,2/5/23,2/6/23,Conversion,Berlin,353.98%,3%,509%,5044.121002,5513.625863,2117.253135
267,Facebook,6711,53475,29966,1458,5423,Africa,55+,7/11/23,7/17/23,Conversion,Cape Town,56.04%,5%,-19%,2619.775006,2429.943224,1661.28177
268,Instagram,9378,134098,21625,1762,59325,South America,45-54,12/7/23,1/6/24,Lead Generation,São Paulo,16.13%,8%,533%,4402.345084,3562.13739,1413.517526
269,LinkedIn,1068,823663,25372,609,65942,Asia,45-54,7/27/23,8/1/23,Awareness,Tokyo,3.08%,2%,6074%,239.3268521,580.958659,247.7144889
270,TikTok,18375,272875,25683,1592,68108,Africa,55+,2/17/23,2/24/23,Lead Generation,Cape Town,9.41%,6%,271%,7777.567171,9774.015237,823.4175921
271,LinkedIn,7317,928673,45335,517,32751,North America,55+,8/22/23,8/24/23,Lead Generation,New York,4.88%,1%,348%,2931.50849,2497.786135,1887.705375
272,Twitter,3132,926830,15978,818,40316,South America,18-24,3/3/23,3/10/23,Lead Generation,São Paulo,1.72%,5%,1187%,1054.68234,1001.02811,1076.28955
273,Instagram,4875,810064,7689,42,53052,Africa,55+,1/6/23,1/15/23,Lead Generation,Cairo,0.95%,1%,988%,1692.279511,1773.932146,1408.788343
274,TikTok,12336,229296,35662,280,84911,Africa,55+,10/18/23,10/24/23,Lead Generation,Lagos,15.55%,1%,588%,5331.460206,4441.229482,2563.310312
275,LinkedIn,8888,851400,28775,64,543,Europe,35-44,4/6/23,4/26/23,Lead Generation,Berlin,3.38%,0%,-94%,3109.680964,3474.216438,2304.102598
276,Twitter,2992,354226,4515,94,44974,Europe,25-34,5/8/23,5/13/23,Conversion,Berlin,1.27%,2%,1403%,1040.93869,1325.038276,626.0230337
277,LinkedIn,3129,538416,36749,39,82535,Asia,55+,1/19/23,1/20/23,Awareness,Mumbai,6.83%,0%,2538%,963.2911707,1046.130574,1119.578256
278,TikTok,6730,756023,40107,1300,74559,North America,45-54,7/20/23,8/14/23,Lead Generation,New York,5.30%,3%,1008%,1450.412338,2832.250924,2447.336737
279,Twitter,4563,170539,8834,886,3150,Europe,25-34,7/11/23,7/30/23,Awareness,Madrid,5.18%,10%,-31%,1960.665474,1551.977022,1050.357504
280,Twitter,11410,264329,48111,976,11152,Europe,55+,1/15/23,2/11/23,Lead Generation,London,18.20%,2%,-2%,2959.655419,6805.015534,1645.329046
281,Instagram,9491,94538,26828,74,2192,North America,25-34,11/5/23,11/30/23,Awareness,Los Angeles,28.38%,0%,-77%,2929.403847,3805.997055,2755.599098
282,Instagram,13195,402929,10289,752,34267,Asia,45-54,6/5/23,6/19/23,Conversion,Tokyo,2.55%,7%,160%,5212.119568,6245.913503,1736.96693
283,Facebook,12733,818619,39903,1698,27771,Africa,45-54,11/10/23,11/13/23,Awareness,Cairo,4.87%,4%,118%,4849.40805,7451.233201,432.3587494
284,TikTok,3169,951360,1661,914,64544,North America,55+,10/30/23,11/25/23,Awareness,New York,0.17%,55%,1937%,1554.372629,1639.73961,-25.11223899
285,LinkedIn,17816,365605,36168,95,90588,Europe,35-44,4/25/23,5/8/23,Conversion,London,9.89%,0%,408%,6294.862289,5952.392728,5568.744984
286,Twitter,8060,293427,19893,1818,35209,Africa,25-34,11/7/23,11/29/23,Lead Generation,Cairo,6.78%,9%,337%,3047.404901,4247.468393,765.1267061
287,Twitter,628,518433,16465,56,55128,South America,55+,6/9/23,6/28/23,Awareness,Buenos Aires,3.18%,0%,8678%,310.9975647,202.0716017,114.9308336
288,LinkedIn,18719,616494,29706,1152,34496,South America,25-34,11/4/23,11/26/23,Lead Generation,Bogotá,4.82%,4%,84%,3747.540728,5705.658468,9265.800805
289,Instagram,9775,751339,8281,181,5409,Europe,18-24,6/23/23,7/10/23,Lead Generation,Berlin,1.10%,2%,-45%,2617.941966,4171.580797,2985.477237
290,Twitter,19097,49943,45766,555,24652,Europe,55+,12/31/23,1/28/24,Lead Generation,Berlin,91.64%,1%,29%,6863.150074,8483.213745,3750.63618
291,LinkedIn,12260,164866,33249,779,76827,Europe,18-24,4/23/23,5/4/23,Lead Generation,London,20.17%,2%,527%,4524.872063,5684.04986,2051.078077
292,LinkedIn,17118,498151,23533,365,38286,Africa,18-24,7/8/23,8/4/23,Lead Generation,Cairo,4.72%,2%,124%,6806.483958,6535.876544,3775.639498
293,Facebook,12881,435085,22551,1200,10166,South America,25-34,1/1/24,1/10/24,Conversion,Lima,5.18%,5%,-21%,3338.978887,6053.08063,3488.940483
294,LinkedIn,9046,500054,39165,210,87514,Asia,45-54,4/25/23,5/1/23,Conversion,Shanghai,7.83%,1%,867%,2906.207054,2917.381427,3222.411519
295,TikTok,810,771188,36376,1421,68567,South America,18-24,8/12/23,9/2/23,Lead Generation,Lima,4.72%,4%,8365%,254.5251897,406.6717797,148.8030306
296,TikTok,19180,255878,3148,1066,71234,Africa,45-54,2/11/23,2/22/23,Conversion,Cairo,1.23%,34%,271%,8338.618516,9265.987707,1575.393778
297,TikTok,9448,671963,78,1774,47848,Europe,45-54,7/29/23,8/1/23,Conversion,London,0.01%,2274%,406%,2470.664511,5096.085307,1881.250182
298,LinkedIn,3259,648489,36398,1903,78793,Europe,55+,2/28/23,3/4/23,Awareness,Paris,5.61%,5%,2318%,912.9570694,1606.271745,739.7711853
299,Instagram,3259,737759,5899,208,63886,Asia,35-44,4/11/23,4/24/23,Awareness,Seoul,0.80%,4%,1860%,788.3403935,1075.854407,1394.8052
300,Instagram,2307,887435,41863,252,22044,Asia,45-54,2/15/23,2/20/23,Conversion,Seoul,4.72%,1%,856%,899.0365817,816.6956434,591.2677749
301,LinkedIn,3978,762330,24751,1674,82121,Africa,25-34,7/12/23,7/29/23,Lead Generation,Nairobi,3.25%,7%,1964%,1191.897591,1425.295962,1360.806446
302,Twitter,12430,549923,41858,1713,50696,Africa,35-44,9/20/23,10/14/23,Conversion,Cairo,7.61%,4%,308%,4139.345107,6469.202746,1821.452147
303,TikTok,14209,714149,27093,1099,29143,Europe,18-24,10/25/23,11/17/23,Awareness,Paris,3.79%,4%,105%,3344.647153,7326.631218,3537.721629
304,Facebook,13230,118108,30152,1739,43103,Asia,18-24,3/30/23,4/7/23,Awareness,Seoul,25.53%,6%,226%,4582.930836,6743.669315,1903.399849
305,Facebook,10929,824208,36578,1955,76581,South America,18-24,9/29/23,10/12/23,Awareness,Buenos Aires,4.44%,5%,601%,2458.967611,5186.391389,3283.641
306,Twitter,992,919692,39114,1875,56928,North America,35-44,3/31/23,4/28/23,Lead Generation,Chicago,4.25%,5%,5639%,286.5638673,421.6013462,283.8347865
307,Twitter,14170,664518,2041,1449,10700,Asia,45-54,10/20/23,10/30/23,Conversion,Tokyo,0.31%,71%,-24%,3258.658791,4670.927733,6240.413475
308,Facebook,18957,758318,18803,824,5578,Europe,25-34,6/18/23,7/10/23,Awareness,Paris,2.48%,4%,-71%,4356.692461,9714.057698,4886.249841
309,Facebook,2339,160171,9318,1798,63804,South America,18-24,8/21/23,9/10/23,Conversion,Bogotá,5.82%,19%,2628%,764.3075226,899.2218151,675.4706623
310,Instagram,18020,204979,22432,1764,24422,Asia,45-54,10/25/23,11/11/23,Conversion,Shanghai,10.94%,8%,36%,7415.071415,8577.062974,2027.86561
311,Twitter,15493,800885,4643,1059,41931,Europe,18-24,11/10/23,12/7/23,Conversion,Madrid,0.58%,23%,171%,5183.012176,7343.972275,2966.015549
312,TikTok,5784,342293,13997,663,47293,South America,35-44,11/5/23,11/8/23,Awareness,São Paulo,4.09%,5%,718%,1204.092944,2843.134108,1736.772948
313,Facebook,2431,784853,43185,1376,9412,Africa,25-34,1/15/23,2/13/23,Awareness,Lagos,5.50%,3%,287%,724.4883202,1417.650676,288.8610038
314,Instagram,4385,464830,3864,1220,60628,Europe,35-44,2/3/23,2/8/23,Awareness,Paris,0.83%,32%,1283%,1984.742321,1925.998109,474.2595703
315,Facebook,4334,116407,30952,1575,13492,North America,25-34,10/20/23,11/7/23,Awareness,Toronto,26.59%,5%,211%,970.909621,1654.044558,1709.045821
316,Twitter,4646,738888,42108,1216,8797,Asia,35-44,3/26/23,4/24/23,Conversion,Mumbai,5.70%,3%,89%,1886.198831,2021.682631,738.1185384
317,LinkedIn,1402,793197,17857,1512,31215,Europe,35-44,9/23/23,10/14/23,Awareness,Berlin,2.25%,8%,2126%,326.3745433,546.9210723,528.7043843
318,LinkedIn,13285,823548,44049,831,1527,North America,35-44,5/16/23,6/6/23,Conversion,Toronto,5.35%,2%,-89%,6204.224701,5111.370569,1969.40473
319,TikTok,9445,242062,1948,1390,11787,Asia,45-54,9/6/23,9/14/23,Conversion,Tokyo,0.80%,71%,25%,3642.109155,2945.699886,2857.190958
320,Twitter,6606,911664,35512,1431,11096,North America,45-54,10/20/23,11/1/23,Lead Generation,Los Angeles,3.90%,4%,68%,1975.014312,3007.687784,1623.297903
321,LinkedIn,8540,885887,35258,874,91124,South America,55+,10/29/23,11/23/23,Conversion,Bogotá,3.98%,2%,967%,4014.413571,4884.482202,-358.895773
322,LinkedIn,2997,550658,1617,1312,77595,Africa,35-44,6/6/23,7/6/23,Conversion,Cairo,0.29%,81%,2489%,1191.04429,1332.642958,473.3127516
323,Instagram,8684,741542,9735,155,69024,North America,25-34,7/18/23,8/9/23,Awareness,Chicago,1.31%,2%,695%,3304.7143,3340.33756,2038.94814
324,Instagram,18893,208316,24235,674,29582,South America,35-44,2/26/23,2/27/23,Awareness,Lima,11.63%,3%,57%,7524.402953,7298.526578,4070.070469
325,TikTok,1843,650652,38451,1336,16863,South America,35-44,1/30/23,2/12/23,Awareness,Lima,5.91%,3%,815%,527.323441,754.0995648,561.5769942
326,TikTok,12613,729627,10155,543,52361,Europe,45-54,3/12/23,3/30/23,Conversion,London,1.39%,5%,315%,5598.060648,4986.419915,2028.519437
327,Twitter,4306,429709,48366,812,26014,Asia,35-44,1/30/23,2/24/23,Conversion,Mumbai,11.26%,2%,504%,1272.408274,1989.03181,1044.559917
328,Facebook,13718,492368,34027,608,16895,Asia,45-54,5/9/23,5/19/23,Conversion,Mumbai,6.91%,2%,23%,3938.695894,4947.312706,4831.9914
329,Twitter,1625,524771,13183,1667,90954,Asia,55+,6/20/23,7/1/23,Lead Generation,Shanghai,2.51%,13%,5497%,641.31429,930.3817438,53.30396621
330,Facebook,11115,696752,2560,1103,93378,South America,35-44,8/25/23,8/28/23,Conversion,Lima,0.37%,43%,740%,4927.426679,4636.400571,1551.17275
331,LinkedIn,17817,327464,44159,725,46627,Asia,18-24,7/21/23,8/10/23,Lead Generation,Shanghai,13.49%,2%,162%,8859.27249,8124.6573,833.0702104
332,TikTok,17096,264273,36055,1422,50684,North America,25-34,9/21/23,10/17/23,Conversion,Chicago,13.64%,4%,196%,4165.313833,7392.854071,5537.832096
333,TikTok,11148,179385,617,1149,25053,South America,45-54,3/28/23,4/20/23,Conversion,São Paulo,0.34%,186%,125%,3480.438987,6487.990008,1179.571005
334,LinkedIn,16816,970466,7915,113,979,South America,45-54,1/29/23,2/24/23,Lead Generation,São Paulo,0.82%,1%,-94%,4334.474859,7461.616179,5019.908963
335,TikTok,11898,78169,8221,784,9604,North America,55+,11/2/23,11/24/23,Conversion,Chicago,10.52%,10%,-19%,3490.18304,4498.028841,3909.788119
336,LinkedIn,15145,63850,44121,1328,58049,South America,55+,8/24/23,8/30/23,Awareness,Bogotá,69.10%,3%,283%,6792.986205,5898.819699,2453.194097
337,Twitter,18674,515372,24292,43,3680,Asia,25-34,11/17/23,12/7/23,Lead Generation,Shanghai,4.71%,0%,-80%,8450.550696,9617.939658,605.5096463
338,Facebook,2025,910929,44009,414,19588,North America,35-44,7/6/23,7/11/23,Conversion,Los Angeles,4.83%,1%,867%,912.1805113,832.0303296,280.7891592
339,TikTok,16156,43876,47742,1510,1363,North America,45-54,3/25/23,4/8/23,Conversion,New York,108.81%,3%,-92%,6855.497019,5577.464608,3723.038373
340,Facebook,18752,404751,26222,576,5377,North America,25-34,11/27/23,12/17/23,Awareness,New York,6.48%,2%,-71%,4666.58153,10230.64867,3854.769804
341,LinkedIn,5541,943308,45224,1817,67731,North America,55+,9/20/23,10/16/23,Conversion,New York,4.79%,4%,1122%,2515.751788,3315.749563,-290.5013507
342,Facebook,16655,470225,14268,1127,83934,Asia,25-34,2/5/23,2/25/23,Awareness,Shanghai,3.03%,8%,404%,6064.908876,9503.581994,1086.50913
343,Instagram,14125,362595,43164,788,88397,Asia,35-44,1/16/23,2/9/23,Awareness,Seoul,11.90%,2%,526%,5865.244943,5309.451504,2950.303552
344,Facebook,11251,973520,42687,620,60808,Asia,45-54,12/17/23,12/22/23,Awareness,Seoul,4.38%,1%,440%,4854.936119,6358.500511,37.56337043
345,TikTok,5498,11854,47950,310,77996,North America,25-34,2/13/23,3/10/23,Awareness,Toronto,404.50%,1%,1319%,2200.574934,3203.919496,93.50556987
346,Instagram,787,956970,15677,943,24812,South America,45-54,11/21/23,12/21/23,Conversion,Bogotá,1.64%,6%,3053%,212.9768386,277.533001,296.4901604
347,LinkedIn,15366,486137,4035,647,8295,Europe,45-54,10/14/23,10/15/23,Awareness,London,0.83%,16%,-46%,7429.15108,8946.183183,-1009.334263
348,TikTok,12595,344782,20858,915,88845,Europe,18-24,3/8/23,3/13/23,Awareness,Paris,6.05%,4%,605%,3482.150166,6211.425323,2901.424511
349,TikTok,14342,616035,45752,921,48235,Europe,55+,1/30/23,2/19/23,Conversion,Paris,7.43%,2%,236%,6042.376106,8440.470981,-140.8470866
350,Facebook,15639,537441,9504,403,16837,Africa,55+,4/10/23,4/14/23,Awareness,Cape Town,1.77%,4%,8%,5069.010565,8169.208914,2400.780521
351,Facebook,9306,695300,36775,201,36211,North America,18-24,5/30/23,6/5/23,Lead Generation,Chicago,5.29%,1%,289%,3803.121375,4279.344327,1223.534298
352,Instagram,3291,775661,47475,1681,62369,Africa,35-44,6/7/23,6/16/23,Awareness,Cape Town,6.12%,4%,1795%,1634.700353,1000.517985,655.7816626
353,Instagram,4999,525927,31679,791,45130,Europe,25-34,8/26/23,8/27/23,Lead Generation,Paris,6.02%,2%,803%,2169.65745,1807.859808,1021.482742
354,Instagram,18518,970806,20038,1089,44397,Africa,55+,2/27/23,3/24/23,Awareness,Nairobi,2.06%,5%,140%,7432.577443,8235.710394,2849.712163
355,LinkedIn,6701,275681,36923,1807,20646,North America,18-24,1/3/23,1/7/23,Lead Generation,Los Angeles,13.39%,5%,208%,3047.425594,2815.545372,838.0290341
356,Instagram,19495,87248,43883,192,38370,South America,35-44,2/26/23,3/13/23,Awareness,Bogotá,50.30%,0%,97%,5983.744679,6875.10272,6636.152601
357,Facebook,9563,68490,29518,154,16805,Asia,25-34,7/2/23,7/21/23,Awareness,Tokyo,43.10%,1%,76%,3797.866043,2881.141248,2883.992708
358,LinkedIn,6033,619204,24042,1380,14273,Europe,25-34,8/11/23,8/20/23,Lead Generation,Paris,3.88%,6%,137%,2452.104099,2635.875761,945.0201401
359,LinkedIn,15479,784440,46547,1038,29697,Africa,18-24,4/10/23,4/29/23,Awareness,Cape Town,5.93%,2%,92%,4427.924443,7706.97969,3344.095867
360,Instagram,2952,731731,48381,1634,60354,South America,55+,11/24/23,12/17/23,Awareness,Bogotá,6.61%,3%,1945%,704.4518266,1131.031291,1116.516882
361,LinkedIn,11687,305150,440,989,18552,Europe,25-34,11/30/23,12/1/23,Conversion,Berlin,0.14%,225%,59%,2796.753595,3984.064925,4906.18148
362,Instagram,3194,45285,5536,1755,56000,Europe,25-34,10/15/23,10/23/23,Conversion,Berlin,12.22%,32%,1653%,1209.663113,964.7868248,1019.550062
363,TikTok,6619,248909,34230,871,85274,Europe,45-54,2/2/23,2/15/23,Awareness,Berlin,13.75%,3%,1188%,2662.369548,3055.301194,901.3292587
364,LinkedIn,19680,549362,31632,1266,80137,South America,55+,6/12/23,6/13/23,Conversion,Buenos Aires,5.76%,4%,307%,7470.24456,10509.34994,1700.405503
365,Twitter,16873,383752,2786,1219,23068,North America,45-54,5/9/23,5/30/23,Lead Generation,Chicago,0.73%,44%,37%,8371.851128,8033.243393,467.9054787
366,TikTok,13205,723651,23090,1612,29026,South America,35-44,6/28/23,7/19/23,Conversion,São Paulo,3.19%,7%,120%,5163.034793,7280.114668,761.850539
367,Facebook,15775,92040,10054,1497,85188,Europe,25-34,4/19/23,5/19/23,Conversion,London,10.92%,15%,440%,7734.688974,7875.08124,165.2297858
368,TikTok,16258,834542,33923,114,45206,Europe,35-44,8/2/23,8/4/23,Lead Generation,London,4.06%,0%,178%,5552.34204,5058.922104,5646.735856
369,Instagram,14473,422770,16452,562,97282,Asia,35-44,2/8/23,2/15/23,Awareness,Seoul,3.89%,3%,572%,5317.30933,5305.382495,3850.308175
370,LinkedIn,2648,815516,41176,630,31181,Asia,25-34,7/28/23,8/9/23,Lead Generation,Shanghai,5.05%,2%,1078%,637.9856792,1428.065924,581.9483969
371,TikTok,10071,376282,13760,349,50153,Asia,45-54,3/30/23,4/9/23,Conversion,Tokyo,3.66%,3%,398%,2791.712834,5682.830439,1596.456727
372,Twitter,18844,235691,10196,1181,7522,Europe,25-34,3/31/23,4/15/23,Awareness,Paris,4.33%,12%,-60%,9069.2618,10436.96045,-662.2222513
373,Twitter,9074,238264,38483,1344,98491,Asia,18-24,1/22/23,2/4/23,Awareness,Mumbai,16.15%,3%,985%,3626.350027,4750.927032,696.7229408
374,TikTok,15286,537842,26690,1974,84026,Africa,35-44,5/1/23,5/30/23,Conversion,Lagos,4.96%,7%,450%,4060.541782,5524.733462,5700.724756
375,Instagram,17208,982562,25794,700,84051,Europe,25-34,12/29/23,1/4/24,Lead Generation,Paris,2.63%,3%,388%,5802.442445,10208.38945,1197.16811
376,Twitter,3598,109041,15316,873,31444,Europe,35-44,1/26/23,2/20/23,Awareness,London,14.05%,6%,774%,1678.958462,2142.091358,-223.0498206
377,Facebook,8375,3796,16575,246,63827,Europe,25-34,6/16/23,7/5/23,Awareness,Paris,436.64%,1%,662%,2754.661701,4947.310591,673.0277083
378,Instagram,17116,923690,24111,1249,76525,Asia,55+,10/2/23,10/8/23,Conversion,Tokyo,2.61%,5%,347%,4555.756063,6215.370573,6344.873364
379,LinkedIn,2337,271616,38532,209,77419,North America,45-54,1/9/23,1/20/23,Lead Generation,Toronto,14.19%,1%,3213%,865.8609817,850.622364,620.5166542
380,Instagram,9000,852620,31623,676,35555,South America,55+,1/1/23,1/14/23,Lead Generation,São Paulo,3.71%,2%,295%,2594.632865,4567.945863,1837.421272
381,Twitter,12204,251204,45401,514,37060,Europe,35-44,4/4/23,5/3/23,Lead Generation,Berlin,18.07%,1%,204%,5181.237836,4842.897385,2179.864779
382,TikTok,13691,424119,42911,1526,20453,Africa,55+,3/3/23,3/8/23,Awareness,Lagos,10.12%,4%,49%,2841.583678,8073.841309,2775.575013
383,Twitter,4032,276069,11411,1353,70220,North America,55+,10/29/23,11/1/23,Conversion,Los Angeles,4.13%,12%,1642%,1170.191688,2313.207638,548.6006737
384,TikTok,18198,720907,14492,900,82613,Africa,18-24,8/22/23,9/13/23,Awareness,Cairo,2.01%,6%,354%,6137.312975,9378.734384,2681.952641
385,Twitter,10165,827873,13467,1432,77030,Europe,18-24,7/14/23,7/19/23,Conversion,Madrid,1.63%,11%,658%,4538.141815,4927.0414,699.8167843
386,TikTok,16899,864973,18868,533,3840,Asia,55+,5/31/23,6/25/23,Lead Generation,Tokyo,2.18%,3%,-77%,8421.389064,9621.216592,-1143.605655
387,Twitter,19395,685822,42470,797,98345,Africa,35-44,2/18/23,3/17/23,Awareness,Lagos,6.19%,2%,407%,9493.962547,6454.605241,3446.432211
388,Twitter,19430,26675,1811,445,41644,South America,18-24,4/17/23,4/23/23,Conversion,Lima,6.79%,25%,114%,4189.288472,7635.092904,7605.618623
389,LinkedIn,17359,483840,10198,1982,14502,South America,45-54,12/14/23,1/9/24,Awareness,Buenos Aires,2.11%,19%,-16%,5649.578534,6831.41049,4878.010976
390,LinkedIn,839,357744,35580,875,71644,Asia,45-54,9/11/23,9/23/23,Awareness,Tokyo,9.95%,2%,8439%,200.4979271,441.7187383,196.7833346
391,Twitter,2899,649299,48901,1105,57434,South America,35-44,8/17/23,8/26/23,Lead Generation,Buenos Aires,7.53%,2%,1881%,842.5699217,1570.689878,485.7402001
392,Facebook,704,923342,10865,1110,68509,Asia,55+,12/23/23,12/30/23,Lead Generation,Shanghai,1.18%,10%,9631%,209.2474799,227.5289916,267.2235285
393,LinkedIn,18304,468525,39033,1822,5789,Asia,45-54,7/29/23,8/16/23,Conversion,Tokyo,8.33%,5%,-68%,8631.87932,8057.473549,1614.647131
394,Instagram,14715,211157,6838,1270,61288,North America,25-34,11/28/23,12/3/23,Conversion,Chicago,3.24%,19%,317%,7074.959373,8724.210637,-1084.17001
395,Twitter,16776,896172,12634,157,66797,South America,45-54,4/21/23,5/4/23,Conversion,Lima,1.41%,1%,298%,6079.594268,8117.833212,2578.57252
396,Facebook,9381,777155,42265,1880,27734,South America,45-54,1/1/24,1/4/24,Awareness,Bogotá,5.44%,4%,196%,2940.884965,4661.43218,1778.682855
397,TikTok,10391,456036,18563,1534,26726,North America,55+,3/27/23,4/7/23,Lead Generation,New York,4.07%,8%,157%,3621.922805,4542.735762,2226.341432
398,TikTok,646,146500,19592,1875,14649,Asia,55+,11/9/23,11/18/23,Awareness,Tokyo,13.37%,10%,2168%,150.4655107,371.4383513,124.0961381
399,Twitter,18843,118650,4478,1002,32782,North America,55+,2/23/23,3/17/23,Awareness,New York,3.77%,22%,74%,6213.453556,6875.20052,5754.345925
400,Twitter,10860,210213,28912,1055,80826,North America,55+,8/31/23,9/18/23,Lead Generation,Los Angeles,13.75%,4%,644%,3692.068585,4233.519315,2934.412101
401,LinkedIn,13802,443721,19286,1846,25314,North America,25-34,4/7/23,5/5/23,Lead Generation,Los Angeles,4.35%,10%,83%,5949.768388,6934.724296,917.5073157
402,Instagram,6621,190829,23590,1878,60288,North America,25-34,10/8/23,10/12/23,Lead Generation,New York,12.36%,8%,811%,3064.074003,2044.625562,1512.300435
403,LinkedIn,13948,865177,35752,1998,19785,Europe,35-44,7/2/23,7/26/23,Conversion,Madrid,4.13%,6%,42%,3276.721203,7820.277287,2851.00151
404,Facebook,8616,98864,20819,1374,16901,Asia,35-44,8/20/23,9/6/23,Awareness,Shanghai,21.06%,7%,96%,3896.02909,4223.551347,496.419563
405,LinkedIn,508,189818,11578,1615,29057,Europe,35-44,6/2/23,6/23/23,Awareness,Berlin,6.10%,14%,5620%,225.2988899,157.7652726,124.9358375
406,Facebook,4521,580169,37979,1716,25811,Asia,18-24,11/12/23,11/22/23,Lead Generation,Tokyo,6.55%,5%,471%,2171.195736,1449.242792,900.5614726
407,Instagram,3451,841813,40229,952,65592,Asia,55+,4/18/23,5/13/23,Conversion,Seoul,4.78%,2%,1801%,915.3200486,1375.356514,1160.323437
408,LinkedIn,12905,412475,35809,1072,78033,North America,55+,4/15/23,5/6/23,Awareness,Los Angeles,8.68%,3%,505%,4115.568527,7037.219637,1752.211836
409,Instagram,12763,427443,45438,1819,3686,Asia,35-44,7/18/23,8/15/23,Awareness,Tokyo,10.63%,4%,-71%,3950.920937,5108.356578,3703.722485
410,LinkedIn,3904,22104,26831,596,47371,Africa,35-44,12/5/23,12/6/23,Awareness,Cairo,121.39%,2%,1113%,1060.776507,2096.452247,746.7712462
411,Twitter,8410,494686,40604,659,37021,Europe,18-24,6/26/23,7/5/23,Conversion,Madrid,8.21%,2%,340%,2650.09253,2946.888222,2813.019248
412,TikTok,6382,972725,30939,254,66779,Africa,25-34,9/13/23,10/12/23,Awareness,Nairobi,3.18%,1%,946%,2936.280346,3406.724096,38.99555732
413,Twitter,14603,680198,32676,2,1935,South America,45-54,8/15/23,9/3/23,Conversion,São Paulo,4.80%,0%,-87%,6969.220244,7518.083021,115.6967341
414,Twitter,17463,635056,29640,1111,68755,Europe,55+,10/19/23,11/3/23,Lead Generation,London,4.67%,4%,294%,7799.458728,10385.50466,-721.9633903
415,TikTok,8262,277666,31098,1451,47103,North America,18-24,8/6/23,8/21/23,Awareness,New York,11.20%,5%,470%,3499.885902,4707.325819,54.78827953
416,LinkedIn,19324,742447,16385,376,21282,South America,35-44,10/17/23,10/27/23,Conversion,Buenos Aires,2.21%,2%,10%,9048.425533,9868.114813,407.4596533
417,TikTok,4754,602062,39444,1292,15782,Europe,35-44,12/1/23,12/11/23,Conversion,London,6.55%,3%,232%,1153.73214,2438.754572,1161.513288
418,LinkedIn,4777,595413,37492,281,80978,Asia,45-54,10/6/23,10/30/23,Lead Generation,Mumbai,6.30%,1%,1595%,2326.103071,2487.188589,-36.29166058
419,Instagram,15633,494278,43003,1801,1401,South America,18-24,9/18/23,9/28/23,Awareness,Bogotá,8.70%,4%,-91%,7222.538726,6388.717211,2021.744064
420,Twitter,3748,673496,3952,927,64345,Africa,55+,7/24/23,8/12/23,Awareness,Lagos,0.59%,23%,1617%,1553.658483,1924.452373,269.8891436
421,Facebook,2873,833886,7622,461,8455,South America,25-34,12/8/23,12/30/23,Lead Generation,São Paulo,0.91%,6%,194%,1178.799556,1357.499721,336.7007229
422,TikTok,11234,815209,48887,1785,33207,Asia,25-34,8/1/23,8/17/23,Lead Generation,Tokyo,6.00%,4%,196%,3941.63469,3897.65536,3394.70995
423,Instagram,5330,704064,4811,1230,87543,Asia,45-54,1/12/23,1/17/23,Conversion,Tokyo,0.68%,26%,1542%,1883.628326,2554.724828,891.646846
424,Instagram,17153,773153,116,40,39763,Africa,18-24,11/20/23,12/12/23,Lead Generation,Lagos,0.02%,34%,132%,6081.061214,7468.591256,3603.34753
425,Instagram,6443,336634,7622,77,96000,Europe,25-34,11/16/23,11/25/23,Awareness,Paris,2.26%,1%,1390%,1406.772303,3501.661261,1534.566437
426,TikTok,17747,921572,11348,412,12446,South America,35-44,11/11/23,12/6/23,Lead Generation,Buenos Aires,1.23%,4%,-30%,6630.212722,8893.097046,2223.690232
427,Facebook,7749,713982,48964,267,11104,Africa,25-34,5/8/23,5/19/23,Awareness,Cape Town,6.86%,1%,43%,2879.643647,4517.983233,351.3731198
428,Instagram,8301,167886,14559,892,13648,South America,45-54,1/15/23,1/26/23,Lead Generation,São Paulo,8.67%,6%,64%,2529.237065,3812.826544,1958.936391
429,LinkedIn,1200,611139,12015,1170,23644,Africa,55+,3/11/23,3/27/23,Conversion,Lagos,1.97%,10%,1870%,413.1776537,695.5378246,91.28452168
430,LinkedIn,15104,482694,9499,997,71531,Europe,55+,4/21/23,4/27/23,Awareness,Berlin,1.97%,10%,374%,6022.16338,7638.094771,1443.741849
431,Twitter,2421,454107,6256,1046,54875,Asia,25-34,6/13/23,6/28/23,Conversion,Shanghai,1.38%,17%,2167%,696.4335696,806.3341259,918.2323045
432,Facebook,19948,156401,3068,1797,6142,South America,25-34,11/28/23,11/30/23,Lead Generation,Buenos Aires,1.96%,59%,-69%,8011.074682,9404.98979,2531.935527
433,Instagram,19230,380117,6830,739,80360,North America,45-54,1/9/23,2/5/23,Conversion,Toronto,1.80%,11%,318%,9468.256406,7461.416164,2300.32743
434,Twitter,11190,761428,41054,1075,53149,Europe,55+,10/25/23,11/9/23,Awareness,Madrid,5.39%,3%,375%,4550.743365,5688.257833,950.9988012
435,Facebook,6042,492705,4613,1044,1171,Asia,55+,8/20/23,9/10/23,Conversion,Tokyo,0.94%,23%,-81%,3004.147942,3084.668087,-46.81602849
436,Facebook,3386,311709,29941,369,28916,Asia,35-44,11/25/23,12/13/23,Lead Generation,Tokyo,9.61%,1%,754%,1011.209073,1643.183408,731.6075184
437,Facebook,2699,201794,34139,432,5066,Africa,45-54,6/12/23,6/28/23,Lead Generation,Cairo,16.92%,1%,88%,556.328693,1339.902532,802.7687749
438,Facebook,1554,29518,41835,1535,79802,Africa,35-44,11/2/23,11/8/23,Lead Generation,Cape Town,141.73%,4%,5035%,762.3337539,654.8664177,136.7998284
439,TikTok,5619,653281,47489,1339,48952,Africa,25-34,5/12/23,5/24/23,Awareness,Cairo,7.27%,3%,771%,1230.220752,2305.394754,2083.384494
440,Facebook,9504,681874,42408,1859,76883,Europe,55+,12/5/23,12/18/23,Conversion,Paris,6.22%,4%,709%,2787.542474,3764.796324,2951.661201
441,LinkedIn,14063,591287,10866,1931,16057,Africa,55+,6/25/23,7/22/23,Conversion,Lagos,1.84%,18%,14%,5347.858556,4347.307381,4367.834063
442,LinkedIn,5215,51338,43831,1071,65288,South America,45-54,3/4/23,3/20/23,Lead Generation,Bogotá,85.38%,2%,1152%,1425.141183,2379.7231,1410.135717
443,Twitter,13476,693587,20824,540,55450,South America,45-54,12/23/23,12/24/23,Lead Generation,Bogotá,3.00%,3%,311%,3491.160654,6178.320034,3806.519313
444,Instagram,15804,255862,16226,1729,27644,South America,35-44,5/2/23,5/4/23,Awareness,Bogotá,6.34%,11%,75%,3239.969337,7142.848375,5421.182288
445,LinkedIn,3417,210468,37789,1041,22462,Asia,45-54,5/17/23,6/9/23,Lead Generation,Tokyo,17.95%,3%,557%,906.911183,1620.913213,889.1756042
446,Facebook,1504,425841,36651,867,63279,South America,25-34,5/13/23,6/1/23,Awareness,São Paulo,8.61%,2%,4107%,550.5080558,603.335452,350.1564922
447,Twitter,13183,196673,281,127,4085,Europe,55+,6/28/23,7/21/23,Conversion,Paris,0.14%,45%,-69%,6340.878633,4168.783436,2673.33793
448,LinkedIn,11699,422896,11573,952,99253,South America,55+,3/10/23,3/16/23,Awareness,São Paulo,2.74%,8%,748%,4388.108218,3885.140029,3425.751753
449,TikTok,11780,393725,7386,1903,31038,Asia,45-54,2/24/23,3/22/23,Awareness,Shanghai,1.88%,26%,163%,3732.334369,5314.833474,2732.832157
450,TikTok,6030,990346,24357,919,13593,Africa,45-54,2/13/23,2/20/23,Lead Generation,Cape Town,2.46%,4%,125%,2394.520294,2227.515839,1407.963868
451,LinkedIn,1337,682606,18674,559,23646,North America,55+,10/24/23,10/27/23,Awareness,Chicago,2.74%,3%,1669%,426.6614742,796.5507218,113.7878041
452,Instagram,16022,573031,8248,1883,27653,Asia,35-44,11/8/23,11/14/23,Conversion,Seoul,1.44%,23%,73%,3462.980805,5776.205573,6782.813622
453,LinkedIn,6344,945782,21660,672,27575,North America,25-34,3/29/23,4/16/23,Conversion,New York,2.29%,3%,335%,1879.990032,2173.72219,2290.287778
454,Instagram,14481,439174,11776,1476,24235,South America,35-44,1/1/23,1/26/23,Conversion,São Paulo,2.68%,13%,67%,3292.162982,8497.592651,2691.244367
455,Facebook,5358,982755,49934,1705,93725,Europe,55+,11/2/23,11/7/23,Conversion,Madrid,5.08%,3%,1649%,2043.446371,1765.941271,1548.612358
456,Twitter,13301,835480,28404,112,25789,South America,25-34,4/7/23,5/7/23,Awareness,Buenos Aires,3.40%,0%,94%,4196.438538,5665.422124,3439.139338
457,Twitter,1012,745886,21601,333,36911,South America,18-24,4/23/23,5/7/23,Lead Generation,Lima,2.90%,2%,3547%,257.2444475,351.2045604,403.5509922
458,LinkedIn,12681,858824,29003,98,88108,Africa,55+,9/25/23,10/5/23,Conversion,Cape Town,3.38%,0%,595%,5197.327977,6952.178822,531.4932012
459,Facebook,12353,587040,14516,1482,19654,Europe,45-54,2/12/23,2/21/23,Conversion,London,2.47%,10%,59%,5500.671337,5852.298695,1000.029968
460,TikTok,7972,761095,2137,756,71152,Asia,25-34,5/5/23,5/11/23,Awareness,Shanghai,0.28%,35%,793%,1937.952853,4090.120323,1943.926825
461,Facebook,16506,976713,8426,1445,31517,South America,25-34,8/5/23,8/28/23,Awareness,São Paulo,0.86%,17%,91%,4091.542364,7966.411114,4448.046522
462,TikTok,19595,389904,2760,516,30532,Asia,35-44,12/30/23,1/17/24,Awareness,Seoul,0.71%,19%,56%,4263.063885,6424.640026,8907.296088
463,LinkedIn,10074,173009,4246,713,40001,North America,35-44,8/31/23,9/7/23,Lead Generation,New York,2.45%,17%,297%,3291.145631,4129.955815,2652.898554
464,Facebook,3192,68174,21442,1820,32774,Asia,55+,10/22/23,11/13/23,Conversion,Tokyo,31.45%,8%,927%,1533.728396,1619.663295,38.60830846
465,Twitter,3782,665121,42164,202,17780,Asia,18-24,11/6/23,11/14/23,Conversion,Tokyo,6.34%,0%,370%,1390.087075,2000.338226,391.5746987
466,TikTok,7318,199206,45815,696,63320,North America,55+,2/18/23,3/10/23,Lead Generation,Los Angeles,23.00%,2%,765%,2695.076356,2243.146469,2379.777175
467,Instagram,10626,190303,134,1076,32961,Africa,18-24,5/8/23,5/28/23,Awareness,Lagos,0.07%,803%,210%,3919.012388,4364.314502,2342.67311
468,LinkedIn,2947,303124,34420,1232,18968,Asia,35-44,12/27/23,1/25/24,Conversion,Shanghai,11.36%,4%,544%,784.102236,1528.779853,634.1179105
469,Instagram,1761,562575,46808,837,10011,South America,55+,1/3/23,1/18/23,Awareness,São Paulo,8.32%,2%,468%,683.5305842,649.8638235,427.6055923
470,Facebook,10314,7426,687,1681,91333,Africa,45-54,4/3/23,5/1/23,Conversion,Nairobi,9.25%,245%,786%,2610.189691,3767.38249,3936.427819
471,Instagram,7744,805592,28668,1591,50806,Africa,25-34,11/25/23,12/11/23,Conversion,Cape Town,3.56%,6%,556%,3867.26268,3604.330527,272.4067936
472,Facebook,10145,907195,20261,1903,6129,Africa,18-24,5/18/23,5/22/23,Lead Generation,Cape Town,2.23%,9%,-40%,3577.504788,4477.156492,2090.338721
473,TikTok,17590,88914,3914,447,56764,Africa,45-54,12/31/23,1/24/24,Lead Generation,Cairo,4.40%,11%,223%,4505.554415,7155.814704,5928.630881
474,Twitter,7367,156218,14374,1355,78193,Europe,18-24,9/20/23,10/5/23,Awareness,Berlin,9.20%,9%,961%,1976.995106,2758.142869,2631.862025
475,Instagram,10178,401780,34978,87,22474,South America,18-24,11/10/23,12/4/23,Lead Generation,Lima,8.71%,0%,121%,4612.808521,4672.707712,892.4837666
476,LinkedIn,16786,355923,18478,562,96320,Asia,55+,6/15/23,7/3/23,Awareness,Shanghai,5.19%,3%,474%,5941.317381,5733.485812,5111.196806
477,Facebook,7562,583694,12617,776,6789,Africa,45-54,12/3/23,12/24/23,Awareness,Cairo,2.16%,6%,-10%,3219.094933,4240.06408,102.8409869
478,LinkedIn,7411,425406,24036,1913,35028,Africa,55+,12/21/23,1/2/24,Conversion,Nairobi,5.65%,8%,373%,2478.976913,4346.091929,585.9311581
479,LinkedIn,12415,850351,47500,891,19261,Asia,35-44,8/1/23,8/30/23,Lead Generation,Shanghai,5.59%,2%,55%,6027.891502,5031.822211,1355.286287
480,Instagram,5457,581296,20061,749,57538,North America,45-54,3/27/23,4/25/23,Lead Generation,Los Angeles,3.45%,4%,954%,1426.02045,2619.92034,1411.059209
481,Instagram,2623,770046,44382,207,99618,North America,55+,2/15/23,3/14/23,Awareness,Toronto,5.76%,0%,3698%,831.6947182,886.2488346,905.0564472
482,Instagram,1278,537694,17052,255,84211,Europe,25-34,3/2/23,3/23/23,Awareness,Madrid,3.17%,1%,6489%,329.3533209,555.7144049,392.9322742
483,Twitter,13453,304941,11259,247,62449,Africa,35-44,12/27/23,1/24/24,Awareness,Lagos,3.69%,2%,364%,5988.239008,5672.184772,1792.576219
484,Facebook,6722,160518,19126,338,6856,Europe,35-44,8/19/23,9/8/23,Conversion,Madrid,11.92%,2%,2%,3125.932471,3037.693459,558.3740702
485,TikTok,2054,549342,17636,1063,79369,Africa,35-44,12/2/23,12/19/23,Lead Generation,Nairobi,3.21%,6%,3764%,874.2308498,812.0511943,367.7179559
486,Twitter,9771,999081,33922,1608,92742,Asia,25-34,1/10/23,1/24/23,Lead Generation,Tokyo,3.40%,5%,849%,2831.890579,3155.3896,3783.71982
487,Facebook,3153,435176,7933,497,12163,North America,45-54,7/21/23,8/13/23,Conversion,Los Angeles,1.82%,6%,286%,648.6226641,1494.071895,1010.305441
488,TikTok,13202,333250,27793,312,81549,South America,18-24,9/28/23,10/4/23,Conversion,Lima,8.34%,1%,518%,5014.483476,6672.500349,1515.016175
489,TikTok,9472,574285,41599,1076,51872,South America,45-54,12/18/23,12/29/23,Awareness,Buenos Aires,7.24%,3%,448%,3952.265533,5673.66148,-153.9270126
490,TikTok,17229,275319,49471,999,67180,Asia,25-34,9/6/23,9/23/23,Lead Generation,Tokyo,17.97%,2%,290%,6960.679224,9856.552141,411.7686352
491,LinkedIn,4367,327589,16572,1852,42044,South America,45-54,7/9/23,7/11/23,Lead Generation,Bogotá,5.06%,11%,863%,913.3233099,1779.096182,1674.580508
492,LinkedIn,1265,474905,49006,345,84973,North America,18-24,2/14/23,3/12/23,Awareness,Chicago,10.32%,1%,6617%,300.980435,641.8746043,322.1449607
493,Facebook,15738,645567,8055,1190,94623,Europe,18-24,10/31/23,11/25/23,Conversion,Madrid,1.25%,15%,501%,4531.936027,7651.563427,3554.500546
494,Instagram,9941,683966,32770,545,89784,Asia,55+,10/13/23,10/17/23,Conversion,Mumbai,4.79%,2%,803%,3559.815571,3920.519351,2460.665078
495,Facebook,3423,100150,21554,1118,52439,South America,35-44,6/19/23,7/14/23,Awareness,Bogotá,21.52%,5%,1432%,946.0781387,1561.717425,915.204436
496,Instagram,10672,269928,25540,181,8120,North America,35-44,4/20/23,5/5/23,Awareness,Los Angeles,9.46%,1%,-24%,4727.735238,4757.030444,1187.234318
497,LinkedIn,3664,648092,17330,1219,74183,South America,18-24,7/14/23,7/18/23,Conversion,Buenos Aires,2.67%,7%,1925%,954.6228279,1850.0093,859.3678721
498,Twitter,17895,37199,22855,135,74543,North America,35-44,10/28/23,11/25/23,Lead Generation,New York,61.44%,1%,317%,6098.711153,7134.779752,4661.509095
499,LinkedIn,2544,260748,17885,1243,93935,Asia,18-24,3/25/23,4/2/23,Awareness,Shanghai,6.86%,7%,3592%,1059.028338,1318.585904,166.385758
500,Facebook,18263,337748,41213,141,30429,Europe,55+,2/20/23,2/21/23,Conversion,London,12.20%,0%,67%,7772.379124,8685.560752,1805.060125
501,Facebook,11408,637181,36746,1785,82768,North America,45-54,6/19/23,7/15/23,Lead Generation,Toronto,5.77%,5%,626%,4780.233297,3759.571759,2868.194944
502,Twitter,18386,788602,23206,1176,31303,Africa,55+,3/27/23,4/9/23,Lead Generation,Nairobi,2.94%,5%,70%,7123.996575,9003.909081,2258.094344
503,Instagram,5383,497884,33285,451,22270,Africa,55+,8/16/23,9/1/23,Awareness,Cairo,6.69%,1%,314%,1195.31231,2790.046433,1397.641257
504,TikTok,12061,121910,17565,1353,46929,North America,45-54,7/15/23,7/18/23,Conversion,New York,14.41%,8%,289%,5667.564184,5487.961644,905.4741722
505,Instagram,7338,263426,5832,1316,32479,Asia,25-34,10/6/23,10/15/23,Awareness,Tokyo,2.21%,23%,343%,3584.838632,2372.633636,1380.527732
506,Twitter,9997,975404,49785,1051,50348,North America,35-44,11/10/23,11/11/23,Conversion,New York,5.10%,2%,404%,3664.584166,3889.003882,2443.411953
507,Twitter,9280,414812,14573,994,50657,Asia,45-54,8/18/23,8/20/23,Conversion,Seoul,3.51%,7%,446%,3141.800802,3920.942479,2217.256719
508,TikTok,19840,676042,39871,2,91437,Asia,18-24,11/17/23,12/16/23,Awareness,Shanghai,5.90%,0%,361%,4824.82181,8821.186299,6193.991891
509,Instagram,11071,851115,9714,328,88204,North America,18-24,2/21/23,2/28/23,Lead Generation,Toronto,1.14%,3%,697%,3239.65354,5098.553815,2732.792645
510,Twitter,15776,725212,22214,1472,64955,Africa,45-54,4/9/23,5/2/23,Awareness,Lagos,3.06%,7%,312%,5484.7913,6977.30368,3313.90502
511,TikTok,16287,958679,40384,1005,29663,North America,25-34,11/28/23,12/26/23,Awareness,Toronto,4.21%,2%,82%,5555.207909,8389.059098,2342.732993
512,Facebook,9713,516994,20263,1370,71428,Africa,25-34,12/3/23,12/23/23,Conversion,Nairobi,3.92%,7%,635%,3620.872836,4888.178111,1203.949052
513,Instagram,2159,315358,39193,1312,44959,Europe,55+,9/25/23,9/26/23,Lead Generation,Berlin,12.43%,3%,1982%,995.6817881,1146.235534,17.08267805
514,LinkedIn,5817,438285,35379,810,1792,Europe,45-54,12/7/23,12/31/23,Lead Generation,Madrid,8.07%,2%,-69%,2139.893434,3369.942906,307.1636602
515,LinkedIn,17782,106451,11708,938,33168,North America,45-54,4/11/23,4/27/23,Awareness,Los Angeles,11.00%,8%,87%,7460.872805,6307.905033,4013.222161
516,Twitter,4261,959155,18208,21,96545,North America,35-44,12/31/23,1/27/24,Lead Generation,Los Angeles,1.90%,0%,2166%,1133.685002,2340.863805,786.4511938
517,TikTok,6390,82202,596,856,46419,Asia,45-54,11/2/23,11/26/23,Lead Generation,Shanghai,0.73%,144%,626%,2757.295446,3168.879392,463.8251623
518,LinkedIn,15438,531807,46816,1539,49089,Europe,25-34,7/22/23,8/5/23,Awareness,London,8.80%,3%,218%,5374.895064,7494.089758,2569.015179
519,Twitter,19519,767683,46184,1683,28215,South America,55+,10/13/23,10/22/23,Awareness,São Paulo,6.02%,4%,45%,7048.503812,11460.87736,1009.61883
520,Twitter,11344,636192,7883,1970,50368,Europe,55+,9/11/23,9/13/23,Conversion,London,1.24%,25%,344%,5647.959422,5203.103226,492.9373527
521,LinkedIn,10473,34812,25111,1948,60704,Africa,55+,4/6/23,5/6/23,Lead Generation,Cairo,72.13%,8%,480%,3595.627734,5716.326255,1161.046011
522,Twitter,16713,901360,3797,1878,93094,Africa,18-24,8/20/23,8/25/23,Lead Generation,Cairo,0.42%,49%,457%,5816.32793,7777.849422,3118.822648
523,TikTok,12097,38950,39162,1286,3180,Asia,18-24,8/4/23,8/10/23,Lead Generation,Seoul,100.54%,3%,-74%,4996.390257,4703.63791,2396.971833
524,Twitter,11289,772106,28106,555,51451,North America,45-54,2/8/23,2/15/23,Lead Generation,Toronto,3.64%,2%,356%,4605.908928,4727.51954,1955.571531
525,LinkedIn,8399,3755,13534,791,29354,Asia,18-24,10/24/23,11/9/23,Lead Generation,Seoul,360.43%,6%,249%,3709.307867,4564.130209,125.561924
526,TikTok,10851,14829,25938,1338,77806,North America,45-54,9/25/23,10/19/23,Conversion,Toronto,174.91%,5%,617%,3552.839565,3284.440221,4013.720214
527,LinkedIn,19337,918838,49901,792,92804,South America,55+,6/24/23,7/12/23,Conversion,Bogotá,5.43%,2%,380%,7476.637711,9677.326545,2183.035745
528,Facebook,11447,471882,16956,659,526,Africa,45-54,1/26/23,2/15/23,Conversion,Cape Town,3.59%,4%,-95%,4681.815066,4348.821168,2416.363767
529,Instagram,6122,946753,32528,526,89779,North America,45-54,10/17/23,10/21/23,Conversion,Toronto,3.44%,2%,1366%,2076.949041,2478.127227,1566.923732
530,TikTok,17944,864121,30562,829,30262,Asia,45-54,12/23/23,12/30/23,Conversion,Shanghai,3.54%,3%,69%,4297.615713,9621.888076,4024.49621
531,Twitter,7382,17390,42644,937,14432,Asia,55+,12/14/23,12/31/23,Lead Generation,Seoul,245.22%,2%,96%,2784.355335,3093.644032,1504.000633
532,Instagram,11708,946968,28884,499,52488,North America,55+,5/19/23,5/21/23,Awareness,New York,3.05%,2%,348%,2358.323476,5967.824435,3381.852089
533,TikTok,8915,745915,22826,95,91599,Asia,55+,2/12/23,2/20/23,Lead Generation,Tokyo,3.06%,0%,927%,3856.947487,2967.962424,2090.090088
534,Facebook,5417,27256,35138,179,77888,Africa,18-24,8/3/23,8/6/23,Conversion,Cairo,128.92%,1%,1338%,1516.209264,2447.74184,1453.048896
535,TikTok,12972,860617,32471,1629,6596,Europe,55+,2/4/23,3/2/23,Awareness,Madrid,3.77%,5%,-49%,6096.51725,4323.10197,2552.38078
536,LinkedIn,2737,187866,35668,902,55460,Africa,55+,11/11/23,12/9/23,Awareness,Cairo,18.99%,3%,1926%,790.7073487,1283.257518,663.0351338
537,LinkedIn,10858,459932,40475,752,51627,Europe,25-34,9/16/23,10/7/23,Conversion,Berlin,8.80%,2%,375%,3842.872041,4868.296343,2146.831616
538,TikTok,10815,561184,26647,399,59731,Africa,18-24,5/13/23,6/5/23,Awareness,Lagos,4.75%,1%,452%,4893.578854,5918.129129,3.29201666
539,LinkedIn,7135,233315,30522,1509,22054,Africa,25-34,1/3/23,1/21/23,Lead Generation,Cape Town,13.08%,5%,209%,2736.308217,3758.553568,640.1382148
540,Facebook,3574,534992,41878,1666,3191,South America,25-34,10/7/23,10/14/23,Awareness,Buenos Aires,7.83%,4%,-11%,1003.126711,1412.728589,1158.1447
541,TikTok,3665,769503,23882,1701,67720,North America,55+,8/31/23,9/2/23,Awareness,Toronto,3.10%,7%,1748%,750.4047096,1888.046449,1026.548841
542,TikTok,6371,302484,40650,520,83404,Asia,45-54,1/3/23,2/1/23,Conversion,Tokyo,13.44%,1%,1209%,1646.428735,2281.728059,2442.843206
543,Facebook,14367,403687,32353,280,29338,Asia,45-54,10/9/23,10/16/23,Awareness,Mumbai,8.01%,1%,104%,5664.042244,7318.781929,1384.175826
544,TikTok,8386,541694,6344,818,96534,Africa,18-24,2/9/23,2/23/23,Awareness,Cairo,1.17%,13%,1051%,3463.580077,2961.199081,1961.220842
545,TikTok,7617,768338,13499,1243,12600,Africa,55+,12/29/23,1/16/24,Conversion,Cairo,1.76%,9%,65%,2290.665579,3359.24657,1967.087851
546,Instagram,8611,360686,7202,808,39493,North America,35-44,12/28/23,1/24/24,Conversion,Chicago,2.00%,11%,359%,2759.366387,4159.066673,1692.566939
547,Instagram,1352,929515,38583,582,34163,Asia,25-34,10/27/23,11/19/23,Lead Generation,Seoul,4.15%,2%,2427%,635.4686169,798.4951293,-81.96374629
548,TikTok,4980,288737,41563,957,53140,Africa,35-44,12/8/23,12/26/23,Conversion,Nairobi,14.39%,2%,967%,1993.454728,1494.800121,1491.745151
549,LinkedIn,696,200286,3323,1709,23556,South America,25-34,9/16/23,9/28/23,Lead Generation,Buenos Aires,1.66%,51%,3284%,289.5494078,257.792428,148.6581641
550,LinkedIn,11500,413787,45718,230,80306,North America,18-24,12/19/23,1/9/24,Conversion,New York,11.05%,1%,598%,5461.206966,6222.923678,-184.130644
551,LinkedIn,5139,488227,32475,1786,36792,South America,35-44,1/23/23,1/30/23,Conversion,Lima,6.65%,5%,616%,2105.514757,1723.842337,1309.642905
552,Twitter,10573,809744,33107,758,62162,Europe,18-24,12/27/23,1/13/24,Awareness,Madrid,4.09%,2%,488%,3091.241027,4486.523812,2995.235161
553,TikTok,12376,431564,44326,287,79588,Africa,55+,1/5/23,1/30/23,Lead Generation,Nairobi,10.27%,1%,543%,3134.696046,5006.375724,4234.92823
554,TikTok,1419,458274,7943,1695,91389,Europe,35-44,3/28/23,4/16/23,Conversion,Berlin,1.73%,21%,6340%,347.6497259,519.4237487,551.9265254
555,TikTok,7592,315085,18212,525,29483,Asia,55+,5/2/23,5/31/23,Lead Generation,Seoul,5.78%,3%,288%,3116.70645,3556.32824,918.96531
556,Twitter,14235,677556,175,482,97250,Europe,25-34,3/29/23,4/10/23,Conversion,Paris,0.03%,275%,583%,4590.117655,6132.34524,3512.537104
557,Twitter,6492,983756,12105,1343,6944,Europe,55+,3/20/23,4/15/23,Conversion,Paris,1.23%,11%,7%,1730.699825,3648.931798,1112.368377
558,Twitter,8876,761589,48791,1433,69067,Africa,18-24,5/14/23,6/12/23,Conversion,Cairo,6.41%,3%,678%,1926.441031,4510.975302,2438.583667
559,TikTok,14675,3378,38578,1331,99516,North America,55+,5/27/23,6/11/23,Conversion,Los Angeles,1142.04%,3%,578%,6766.880213,8600.819922,-692.7001354
560,Instagram,752,621686,2117,1701,12981,North America,25-34,1/26/23,2/2/23,Lead Generation,Chicago,0.34%,80%,1626%,282.8080952,251.2912848,217.90062
561,Instagram,13222,177793,40228,1099,19604,North America,55+,11/12/23,11/26/23,Lead Generation,Toronto,22.63%,3%,48%,2919.360316,6585.533663,3717.106021
562,TikTok,12344,13006,36143,1331,22649,Asia,18-24,11/21/23,12/6/23,Awareness,Seoul,277.89%,4%,83%,4719.648385,7227.244408,397.1072071
563,Facebook,10845,816193,44003,977,15265,Europe,35-44,1/7/23,1/21/23,Conversion,London,5.39%,2%,41%,3158.759367,3595.320901,4090.919732
564,TikTok,19594,387939,37565,1297,39377,Europe,45-54,12/29/23,1/28/24,Lead Generation,Berlin,9.68%,3%,101%,4982.799051,6394.101161,8217.099788
565,Instagram,757,353708,25343,163,17377,Europe,25-34,10/27/23,11/25/23,Awareness,Madrid,7.16%,1%,2196%,286.8767662,365.1615978,104.961636
566,Facebook,11846,966371,44220,490,43262,North America,55+,12/6/23,12/23/23,Conversion,Los Angeles,4.58%,1%,265%,4729.796789,6720.248523,395.9546879
567,Facebook,11467,955014,21367,936,15470,Asia,25-34,11/1/23,11/24/23,Lead Generation,Shanghai,2.24%,4%,35%,2591.930469,5506.483396,3368.586135
568,LinkedIn,16635,104173,24477,401,79539,Africa,55+,8/3/23,8/9/23,Conversion,Cape Town,23.50%,2%,378%,7378.252338,9443.59471,-186.8470481
569,TikTok,11306,335110,24218,753,70497,Africa,55+,12/20/23,1/5/24,Awareness,Lagos,7.23%,3%,524%,3271.581554,5938.405518,2096.012928
570,Twitter,12753,120637,10008,737,6960,North America,18-24,11/3/23,11/22/23,Conversion,New York,8.30%,7%,-45%,4336.684312,6443.900409,1972.415279
571,LinkedIn,9732,348955,48980,659,43986,South America,35-44,8/17/23,8/30/23,Awareness,Bogotá,14.04%,1%,352%,4143.256231,5503.512738,85.2310309
572,Facebook,8006,215715,12100,539,10387,North America,35-44,10/5/23,11/3/23,Conversion,Chicago,5.61%,4%,30%,3177.04942,3508.8322,1320.11838
573,Instagram,9383,537024,1591,986,60712,North America,25-34,12/3/23,12/14/23,Lead Generation,Toronto,0.30%,62%,547%,2626.751398,4304.562179,2451.686422
574,Twitter,5945,365611,22949,1204,56981,North America,55+,4/17/23,4/29/23,Lead Generation,New York,6.28%,5%,858%,2190.985513,2152.572825,1601.441662
575,Instagram,1064,623048,16970,1466,4730,Europe,25-34,11/13/23,12/8/23,Conversion,London,2.72%,9%,345%,441.3732217,360.0481994,262.5785789
576,Facebook,3380,629243,12710,873,82455,South America,18-24,4/28/23,5/4/23,Awareness,São Paulo,2.02%,7%,2339%,684.9284439,1220.3829,1474.688656
577,Twitter,18278,262389,8984,1359,94480,Africa,55+,9/20/23,9/28/23,Lead Generation,Cape Town,3.42%,15%,417%,4556.378793,10247.37603,3474.245178
578,Facebook,14577,536911,25588,1798,58575,North America,45-54,3/27/23,4/1/23,Awareness,New York,4.77%,7%,302%,3889.733518,6619.003336,4068.263146
579,Facebook,5637,875588,13898,805,13761,North America,55+,9/29/23,10/21/23,Lead Generation,Toronto,1.59%,6%,144%,1308.701306,2257.19665,2071.102045
580,LinkedIn,16357,906008,36456,1002,37732,Asia,25-34,6/20/23,7/2/23,Lead Generation,Tokyo,4.02%,3%,131%,7849.004307,7059.806701,1448.188991
581,TikTok,16749,429236,29430,789,38155,South America,25-34,3/18/23,4/12/23,Lead Generation,Buenos Aires,6.86%,3%,128%,6658.300962,5877.757132,4212.941906
582,Twitter,4348,823760,37449,1068,17911,South America,25-34,12/22/23,1/9/24,Lead Generation,São Paulo,4.55%,3%,312%,2036.503969,1744.312254,567.1837769
583,Instagram,13729,824507,29174,160,58976,Europe,35-44,4/19/23,4/21/23,Conversion,Berlin,3.54%,1%,330%,6285.398795,6062.339299,1381.261906
584,LinkedIn,12415,982157,14007,187,63968,South America,25-34,12/13/23,12/22/23,Conversion,São Paulo,1.43%,1%,415%,4449.557198,6774.433659,1191.009142
585,Facebook,808,12787,29365,1353,97446,North America,35-44,11/18/23,11/20/23,Conversion,Toronto,229.65%,5%,11960%,393.1569092,417.6923213,-2.849230446
586,LinkedIn,9045,184320,4299,772,23100,South America,35-44,5/21/23,6/11/23,Awareness,Bogotá,2.33%,18%,155%,2125.674485,4854.434974,2064.890541
587,Instagram,2258,162328,12455,1629,44941,Europe,55+,7/3/23,7/11/23,Lead Generation,London,7.67%,13%,1890%,537.1154204,1015.698648,705.1859312
588,LinkedIn,17910,289685,14911,1897,17164,North America,18-24,6/23/23,7/10/23,Conversion,Los Angeles,5.15%,13%,-4%,8641.959016,8312.423607,955.6173764
589,TikTok,16713,262236,40266,111,87536,South America,35-44,9/29/23,10/17/23,Awareness,Buenos Aires,15.35%,0%,424%,4971.369224,7740.01452,4001.616256
590,LinkedIn,15396,835700,48916,230,49231,North America,25-34,5/20/23,5/24/23,Lead Generation,Chicago,5.85%,0%,220%,4648.519607,4762.771535,5984.708858
591,Twitter,4902,774368,28284,107,85781,South America,35-44,11/28/23,12/9/23,Awareness,Bogotá,3.65%,0%,1650%,2126.709515,2381.652994,393.6374904
592,Facebook,16932,780876,35389,909,14749,Asia,45-54,7/31/23,8/18/23,Conversion,Shanghai,4.53%,3%,-13%,3402.203918,8309.587697,5220.208385
593,Instagram,13422,765679,38746,1185,21877,North America,45-54,2/2/23,2/26/23,Lead Generation,Chicago,5.06%,3%,63%,2999.978928,4869.704023,5552.317049
594,Twitter,2381,35048,31301,545,26175,South America,55+,6/21/23,7/21/23,Conversion,Buenos Aires,89.31%,2%,999%,1018.78242,918.1408408,444.0767389
595,TikTok,6868,624842,8311,406,9464,North America,35-44,3/27/23,4/1/23,Lead Generation,Los Angeles,1.33%,5%,38%,2808.916856,2409.170165,1649.91298
596,Facebook,10741,269205,36521,744,99489,South America,55+,9/20/23,10/12/23,Conversion,Bogotá,13.57%,2%,826%,2624.549076,5252.463422,2863.987503
597,Facebook,5578,342899,42834,728,19118,Asia,18-24,2/20/23,2/26/23,Awareness,Mumbai,12.49%,2%,243%,1913.133704,1854.313396,1810.552899
598,Facebook,19548,957913,32120,906,11675,Africa,18-24,10/15/23,10/24/23,Awareness,Cairo,3.35%,3%,-40%,5201.948971,9878.116227,4467.934802
599,Twitter,9384,960832,11674,619,55829,North America,35-44,2/2/23,2/18/23,Lead Generation,Chicago,1.21%,5%,495%,3002.321943,3320.083879,3061.594178
600,LinkedIn,8578,485167,37824,112,93635,South America,35-44,12/19/23,12/27/23,Conversion,Lima,7.80%,0%,992%,2894.175505,4883.212875,800.6116203
601,LinkedIn,16311,180657,45447,1870,18939,South America,55+,6/10/23,7/8/23,Lead Generation,Bogotá,25.16%,4%,16%,3442.981737,8713.755499,4154.262765
602,Facebook,15788,948590,7277,870,53982,South America,35-44,7/20/23,8/7/23,Awareness,São Paulo,0.77%,12%,242%,4927.979896,9396.452152,1463.567952
603,Instagram,5178,960759,49475,172,45106,North America,25-34,10/10/23,11/2/23,Awareness,New York,5.15%,0%,771%,1852.363081,2626.884465,698.7524546
604,Instagram,2153,294004,11741,405,25942,Africa,45-54,5/7/23,6/6/23,Conversion,Nairobi,3.99%,3%,1105%,976.8853747,679.3369385,496.7776868
605,TikTok,8549,147677,22321,191,49019,Europe,25-34,9/9/23,9/15/23,Lead Generation,Madrid,15.11%,1%,473%,3848.419024,2849.488779,1851.092197
606,TikTok,16462,348864,8233,792,53571,Europe,25-34,2/15/23,3/6/23,Conversion,Paris,2.36%,10%,225%,5352.997158,6976.016003,4132.986839
607,Facebook,2809,232332,46556,957,78670,Africa,45-54,2/24/23,3/23/23,Conversion,Cairo,20.04%,2%,2701%,589.6278579,940.7256243,1278.646518
608,Facebook,8891,917941,14617,405,28478,Africa,35-44,6/11/23,6/30/23,Conversion,Nairobi,1.59%,3%,220%,4342.053644,4401.37587,147.5704863
609,Twitter,19144,866720,27062,628,5982,South America,55+,7/31/23,8/27/23,Awareness,Buenos Aires,3.12%,2%,-69%,7690.569358,6684.887439,4768.543203
610,Twitter,3966,854173,15007,1559,5547,South America,35-44,8/6/23,8/10/23,Awareness,São Paulo,1.76%,10%,40%,1355.231402,1905.053237,705.7153612
611,Twitter,13123,97774,36556,1759,55715,South America,25-34,10/9/23,10/25/23,Lead Generation,São Paulo,37.39%,5%,325%,5386.490387,5414.796753,2321.71286
612,TikTok,7259,847971,33659,427,53014,North America,25-34,4/28/23,5/19/23,Awareness,Chicago,3.97%,1%,630%,2913.583545,3939.236651,406.1798035
613,LinkedIn,7702,517343,12116,42,57814,Asia,18-24,3/15/23,3/16/23,Lead Generation,Tokyo,2.34%,0%,651%,2900.136861,4239.554627,562.3085115
614,LinkedIn,13104,159551,5482,929,39256,South America,35-44,11/26/23,12/1/23,Lead Generation,Lima,3.44%,17%,200%,5003.024123,5795.3188,2305.657076
615,TikTok,16338,721978,15802,364,2169,Africa,35-44,3/16/23,4/10/23,Lead Generation,Cairo,2.19%,2%,-87%,5457.981912,7102.505679,3777.512409
616,LinkedIn,7726,456772,45146,1796,38046,Africa,35-44,1/10/23,2/8/23,Awareness,Lagos,9.88%,4%,392%,2396.817668,3985.32446,1343.857873
617,TikTok,9825,847155,22109,768,29092,North America,25-34,10/13/23,10/22/23,Lead Generation,New York,2.61%,3%,196%,4695.330968,4641.625144,488.0438877
618,LinkedIn,16843,847429,31505,790,82314,South America,18-24,8/18/23,8/27/23,Conversion,Lima,3.72%,3%,389%,6449.775749,6037.080739,4356.143512
619,Instagram,2911,589630,41235,1795,5607,Africa,35-44,12/25/23,1/3/24,Lead Generation,Cairo,6.99%,4%,93%,1162.150919,1208.031511,540.8175699
620,Instagram,9939,622641,40082,1430,70758,South America,45-54,10/5/23,10/21/23,Lead Generation,Bogotá,6.44%,4%,612%,4334.726145,5535.150271,69.12358421
621,Facebook,1216,33416,2074,1090,67594,Europe,55+,8/29/23,9/24/23,Conversion,London,6.21%,53%,5459%,583.4915842,458.1991813,174.3092345
622,TikTok,4063,84932,38914,1195,60070,Asia,45-54,4/25/23,5/16/23,Conversion,Mumbai,45.82%,3%,1378%,1886.132075,1806.128619,370.7393055
623,Instagram,12240,485655,25321,1617,50336,South America,25-34,5/6/23,5/26/23,Lead Generation,Lima,5.21%,6%,311%,3231.19884,5562.33349,3446.46767
624,LinkedIn,13075,210447,32158,815,91618,Europe,35-44,4/22/23,5/9/23,Conversion,London,15.28%,3%,601%,4564.920376,7532.336967,977.7426568
625,Twitter,10606,652751,4671,1935,79319,Africa,55+,11/27/23,12/16/23,Conversion,Cape Town,0.72%,41%,648%,2569.980196,5574.222536,2461.797269
626,Instagram,12804,303468,44695,381,97472,Africa,45-54,6/29/23,7/20/23,Awareness,Lagos,14.73%,1%,661%,6093.20703,5371.06203,1339.730941
627,Twitter,17920,374988,8822,1034,37199,North America,55+,8/7/23,8/28/23,Conversion,Los Angeles,2.35%,12%,108%,5166.714766,7967.343516,4785.941717
628,Instagram,9924,173508,41818,39,92688,North America,45-54,1/21/23,2/1/23,Awareness,Chicago,24.10%,0%,834%,4618.064144,4799.405663,506.5301928
629,Twitter,9127,869277,36773,1927,60471,North America,55+,12/8/23,12/30/23,Lead Generation,New York,4.23%,5%,563%,2616.955642,4036.109501,2473.934857
630,LinkedIn,5936,771998,27766,718,29363,Asia,25-34,12/8/23,1/3/24,Conversion,Tokyo,3.60%,3%,395%,2388.070886,2366.249493,1181.679621
631,TikTok,4679,786668,38316,386,44907,Africa,25-34,11/13/23,12/11/23,Lead Generation,Lagos,4.87%,1%,860%,2069.749808,2436.932205,172.3179872
632,TikTok,14977,465597,6221,109,76365,Asia,35-44,1/18/23,1/30/23,Conversion,Seoul,1.34%,2%,410%,3972.642447,7506.15029,3498.207263
633,TikTok,5356,733214,29825,1368,10219,Asia,35-44,7/20/23,8/5/23,Lead Generation,Mumbai,4.07%,5%,91%,1147.173473,2544.870531,1663.955996
634,Facebook,17923,755242,47580,1616,85363,North America,45-54,7/23/23,8/18/23,Awareness,Los Angeles,6.30%,3%,376%,6042.643855,8915.066929,2965.289216
635,TikTok,14299,80513,34049,325,70048,South America,45-54,3/28/23,4/8/23,Lead Generation,São Paulo,42.29%,1%,390%,4897.537061,7971.198756,1430.264183
636,Instagram,2449,842482,6228,1322,40385,Asia,25-34,9/27/23,9/29/23,Conversion,Seoul,0.74%,21%,1549%,992.3037649,885.0268043,571.6694309
637,LinkedIn,10285,830874,16897,274,77468,Africa,35-44,4/23/23,5/17/23,Lead Generation,Lagos,2.03%,2%,653%,2405.751751,5271.960967,2607.287282
638,Facebook,1328,893751,16041,440,50138,South America,18-24,2/8/23,3/9/23,Awareness,Bogotá,1.79%,3%,3675%,635.5184415,488.7922882,203.6892703
639,Twitter,16015,770376,46844,991,1644,Europe,18-24,5/25/23,6/1/23,Lead Generation,London,6.08%,2%,-90%,5282.09054,5862.574085,4870.335376
640,Facebook,9591,335910,216,1580,31454,Europe,55+,10/7/23,10/20/23,Awareness,Madrid,0.06%,731%,228%,2444.775897,5413.09676,1733.127344
641,TikTok,1453,919062,13831,502,57795,South America,35-44,6/9/23,6/15/23,Awareness,Buenos Aires,1.50%,4%,3878%,305.3787612,771.1546602,376.4665786
642,Instagram,5329,891791,49274,1628,42013,Asia,35-44,6/18/23,7/14/23,Conversion,Mumbai,5.53%,3%,688%,2582.92235,1684.422399,1061.655251
643,LinkedIn,6965,124287,10316,701,15310,Asia,35-44,10/3/23,10/26/23,Conversion,Seoul,8.30%,7%,120%,2036.699057,2574.694159,2353.606783
644,TikTok,4075,274108,45606,125,19901,Europe,25-34,10/11/23,10/21/23,Lead Generation,Madrid,16.64%,0%,388%,958.9863137,2253.120986,862.8927005
645,Instagram,12960,467933,39014,449,93112,Europe,55+,2/8/23,2/10/23,Conversion,London,8.34%,1%,618%,5282.17306,5589.681439,2088.145501
646,Instagram,6042,476641,25058,783,79856,Asia,45-54,12/26/23,1/23/24,Lead Generation,Seoul,5.26%,3%,1222%,2952.316404,3112.584995,-22.90139842
647,Twitter,2984,494513,5539,1559,153,North America,25-34,2/7/23,2/23/23,Lead Generation,Chicago,1.12%,28%,-95%,1012.120918,1141.369164,830.5099182
648,Facebook,9550,151344,48584,863,82082,South America,18-24,10/21/23,11/14/23,Awareness,Lima,32.10%,2%,759%,4367.12182,5534.484123,-351.6059432
649,Twitter,1599,493656,43114,1954,13919,South America,25-34,1/7/23,1/18/23,Awareness,Lima,8.73%,5%,770%,356.1708845,734.3817652,508.4473503
650,LinkedIn,13801,641617,25823,1916,90039,Europe,35-44,11/2/23,11/11/23,Lead Generation,London,4.02%,7%,552%,5226.383942,6056.747223,2517.868835
651,Twitter,19718,421649,35566,1097,45866,Africa,45-54,4/8/23,5/3/23,Awareness,Cape Town,8.43%,3%,133%,6462.409349,7825.768197,5429.822454
652,LinkedIn,1969,201772,40685,1525,57840,Europe,18-24,4/22/23,5/15/23,Awareness,Madrid,20.16%,4%,2838%,558.8829394,879.924791,530.1922696
653,LinkedIn,4086,224672,31233,138,94700,Europe,18-24,2/3/23,2/8/23,Lead Generation,Berlin,13.90%,0%,2218%,1146.342552,1931.122109,1008.535339
654,Instagram,13271,191142,27271,1290,45424,Asia,45-54,8/31/23,9/7/23,Awareness,Mumbai,14.27%,5%,242%,3352.724764,7351.612798,2566.662437
655,LinkedIn,19487,420484,21562,1818,1383,North America,35-44,6/12/23,7/1/23,Conversion,New York,5.13%,8%,-93%,4945.261974,7461.91926,7079.818765
656,Instagram,5302,578027,22382,380,60209,South America,25-34,10/11/23,10/29/23,Lead Generation,Bogotá,3.87%,2%,1036%,1212.810747,2445.09729,1644.091963
657,Facebook,1069,492890,15784,1441,99169,North America,35-44,7/7/23,7/28/23,Lead Generation,New York,3.20%,9%,9177%,378.2200343,628.3755388,62.40442695
658,LinkedIn,2976,434249,23520,471,41033,South America,18-24,7/19/23,8/11/23,Awareness,Buenos Aires,5.42%,2%,1279%,998.0963057,1728.03838,249.8653143
659,LinkedIn,17549,146508,46906,1310,28851,Europe,45-54,3/20/23,4/17/23,Conversion,London,32.02%,3%,64%,7143.401685,6801.984269,3603.614046
660,LinkedIn,16336,112311,14385,775,7261,Europe,35-44,8/5/23,8/7/23,Lead Generation,London,12.81%,5%,-56%,3880.127419,8598.485812,3857.386769
661,Instagram,10391,749509,23739,98,75437,Asia,55+,10/18/23,10/30/23,Conversion,Seoul,3.17%,0%,626%,2681.501735,6176.665371,1532.832894
662,Facebook,16878,948613,32070,167,10227,Asia,25-34,12/31/23,1/13/24,Awareness,Tokyo,3.38%,1%,-39%,7093.130028,7811.078361,1973.791611
663,Twitter,9501,92871,2151,1621,17517,South America,25-34,3/2/23,3/10/23,Lead Generation,São Paulo,2.32%,75%,84%,3142.28268,5349.481051,1009.236269
664,LinkedIn,4014,48733,31071,407,57002,Africa,25-34,7/8/23,7/22/23,Conversion,Lagos,63.76%,1%,1320%,1852.228678,1566.679995,595.0913266
665,TikTok,4009,885213,40026,1140,6894,Africa,25-34,6/19/23,7/16/23,Lead Generation,Nairobi,4.52%,3%,72%,1732.026793,1986.018993,290.954214
666,Facebook,10005,886395,27678,793,15525,South America,55+,4/29/23,5/27/23,Lead Generation,Lima,3.12%,3%,55%,4658.050774,4051.54718,1295.402047
667,Instagram,19427,482455,2685,99,52522,Africa,35-44,1/25/23,2/10/23,Conversion,Cape Town,0.56%,4%,170%,8138.695279,10202.50853,1085.796189
668,TikTok,4549,612030,47958,493,72781,North America,55+,4/1/23,4/22/23,Awareness,New York,7.84%,1%,1500%,1905.772087,2011.455857,631.7720562
669,Twitter,13189,96614,43430,1550,21663,Africa,18-24,8/11/23,8/28/23,Lead Generation,Lagos,44.95%,4%,64%,4538.620712,7534.882443,1115.496845
670,TikTok,16884,76997,25603,1814,5740,Asia,55+,8/3/23,8/14/23,Awareness,Tokyo,33.25%,7%,-66%,5307.509014,8034.102517,3542.388468
671,Instagram,13251,767898,26466,436,13364,South America,45-54,1/14/23,2/5/23,Awareness,Buenos Aires,3.45%,2%,1%,3354.257684,5302.793993,4593.948322
672,Twitter,9007,581157,10439,493,45208,Africa,25-34,5/10/23,5/18/23,Lead Generation,Cairo,1.80%,5%,402%,3180.865638,3820.758307,2005.376055
673,Instagram,18893,478486,16159,1580,84563,Europe,45-54,3/27/23,4/14/23,Lead Generation,Madrid,3.38%,10%,348%,4016.821991,8671.339207,6204.838802
674,Facebook,4962,871664,45663,1904,39376,Europe,35-44,8/8/23,8/27/23,Lead Generation,London,5.24%,4%,694%,1123.446029,2284.34871,1554.205262
675,LinkedIn,14873,863217,13057,1487,39191,Africa,25-34,12/6/23,12/8/23,Conversion,Lagos,1.51%,11%,164%,6062.655707,8236.208737,574.1355555
676,LinkedIn,13662,778425,34226,1139,21910,Europe,35-44,1/3/23,1/6/23,Lead Generation,Berlin,4.40%,3%,60%,6614.582076,6376.582195,670.8357288
677,Twitter,16955,787786,20077,175,87443,Europe,45-54,5/7/23,5/8/23,Awareness,Madrid,2.55%,1%,416%,3705.81053,9062.289933,4186.899538
678,LinkedIn,6443,135628,49162,1328,87364,Asia,18-24,3/12/23,4/5/23,Lead Generation,Mumbai,36.25%,3%,1256%,2726.297297,2232.478329,1484.224374
679,Twitter,17380,860000,44822,1145,43876,North America,25-34,7/2/23,7/23/23,Conversion,Chicago,5.21%,3%,152%,5313.763753,9101.424076,2964.81217
680,Instagram,15636,260829,48824,922,12165,North America,35-44,1/16/23,2/1/23,Conversion,New York,18.72%,2%,-22%,6333.013657,6360.151328,2942.835015
681,TikTok,5112,788505,14427,229,84067,Europe,18-24,6/11/23,7/7/23,Awareness,Madrid,1.83%,2%,1545%,1854.89018,2745.071039,512.0387812
682,LinkedIn,3587,336631,49935,292,47415,Asia,45-54,7/16/23,7/23/23,Conversion,Mumbai,14.83%,1%,1222%,1232.760875,1092.434863,1261.804262
683,Instagram,4135,754605,29204,470,88925,North America,18-24,6/20/23,7/8/23,Lead Generation,Toronto,3.87%,2%,2051%,1593.978381,1681.549569,859.4720496
684,TikTok,17811,791053,30187,1629,43711,North America,35-44,12/28/23,1/7/24,Awareness,Los Angeles,3.82%,5%,145%,3753.034991,6995.953817,7062.011192
685,LinkedIn,19974,505949,48579,1201,77069,Europe,18-24,9/15/23,9/20/23,Lead Generation,Madrid,9.60%,2%,286%,6790.770349,6672.331894,6510.897758
686,Instagram,11230,422573,30432,1907,87480,Asia,55+,1/3/23,1/6/23,Conversion,Tokyo,7.20%,6%,679%,4555.328172,5353.012294,1321.659534
687,Instagram,15644,258761,9361,650,95125,South America,35-44,7/30/23,8/7/23,Conversion,Bogotá,3.62%,7%,508%,6271.672737,7782.714828,1589.612436
688,Twitter,13070,525460,28670,1629,47759,South America,45-54,5/5/23,6/3/23,Lead Generation,Buenos Aires,5.46%,6%,265%,5274.140614,7566.14543,229.7139554
689,Facebook,19191,291087,14429,1782,3738,North America,45-54,5/27/23,6/17/23,Awareness,Toronto,4.96%,12%,-81%,5601.721803,6763.139211,6826.138986
690,TikTok,15242,733269,5075,1194,9225,Asia,25-34,3/26/23,4/6/23,Lead Generation,Tokyo,0.69%,24%,-39%,5972.03824,6445.191805,2824.769955
691,TikTok,14733,468599,40309,1672,75614,Europe,45-54,1/13/23,2/12/23,Awareness,Madrid,8.60%,4%,413%,4552.155677,5780.447166,4400.397157
692,LinkedIn,1842,972384,44639,1515,16428,North America,55+,1/31/23,2/13/23,Conversion,Los Angeles,4.59%,3%,792%,652.6627635,630.8696085,558.467628
693,Facebook,19849,748814,3945,1111,15128,North America,55+,6/17/23,7/11/23,Awareness,Chicago,0.53%,28%,-24%,8038.584168,10594.20544,1216.210389
694,LinkedIn,17201,177597,27144,546,67927,Africa,25-34,3/23/23,4/9/23,Awareness,Cairo,15.28%,2%,295%,6330.876528,10300.17081,569.9526581
695,LinkedIn,18145,219626,49760,730,10376,Europe,55+,3/14/23,3/26/23,Lead Generation,Madrid,22.66%,1%,-43%,6897.534135,6781.276996,4466.188869
696,Twitter,5049,497563,11743,1408,61590,South America,18-24,5/12/23,6/4/23,Conversion,Lima,2.36%,12%,1120%,1257.872808,2213.17814,1577.949052
697,Facebook,2168,877435,17865,854,63184,North America,25-34,8/8/23,8/27/23,Lead Generation,Toronto,2.04%,5%,2814%,714.5744149,1172.92324,280.5023453
698,LinkedIn,19714,385152,36448,397,25191,Europe,18-24,10/25/23,11/17/23,Awareness,Paris,9.46%,1%,28%,5469.61632,8379.792793,5864.590887
699,Instagram,18348,902890,40095,1584,9904,Africa,35-44,1/25/23,2/2/23,Conversion,Lagos,4.44%,4%,-46%,7553.230798,5674.948556,5119.820646
700,Twitter,16940,504678,658,1829,71257,South America,25-34,1/16/23,1/27/23,Conversion,São Paulo,0.13%,278%,321%,5842.526695,9950.367228,1147.106077
701,Facebook,11553,477415,41593,753,76492,South America,55+,4/6/23,4/19/23,Awareness,Buenos Aires,8.71%,2%,562%,5694.801949,3568.871892,2289.326158
702,Instagram,13592,609992,7254,32,22066,Europe,35-44,4/8/23,5/7/23,Awareness,London,1.19%,0%,62%,4085.223885,6944.822862,2561.953254
703,TikTok,7328,379008,16155,1415,84916,Europe,55+,7/30/23,8/16/23,Lead Generation,London,4.26%,9%,1059%,3169.748268,4250.022255,-91.77052244
704,Instagram,19994,81573,37012,665,37516,Asia,45-54,8/26/23,9/15/23,Awareness,Mumbai,45.37%,2%,88%,8781.023289,10030.87735,1182.099366
705,TikTok,1041,486836,24015,740,71210,South America,25-34,5/20/23,6/8/23,Lead Generation,Bogotá,4.93%,3%,6741%,290.2764546,326.3530449,424.3705006
706,LinkedIn,17138,526742,19137,1301,57939,Africa,25-34,5/11/23,6/8/23,Lead Generation,Lagos,3.63%,7%,238%,4585.982674,5761.259366,6790.75796
707,TikTok,2580,148844,3239,817,51008,Africa,18-24,9/26/23,10/4/23,Lead Generation,Cape Town,2.18%,25%,1877%,1083.10369,1280.645576,216.2507347
708,Instagram,4806,508686,3587,772,32705,South America,45-54,1/25/23,2/12/23,Conversion,Buenos Aires,0.71%,22%,581%,1201.279124,1989.428183,1615.292693
709,Facebook,4728,681242,10381,607,64612,Asia,35-44,1/20/23,1/29/23,Awareness,Shanghai,1.52%,6%,1267%,2065.432559,1453.7768,1208.790641
710,LinkedIn,15651,519668,15053,289,22861,Asia,25-34,1/1/23,1/12/23,Lead Generation,Tokyo,2.90%,2%,46%,3583.588186,7076.525281,4990.886533
711,TikTok,17204,503827,9531,980,72131,South America,18-24,12/17/23,1/15/24,Awareness,São Paulo,1.89%,10%,319%,5199.983359,6309.325445,5694.691196
712,Facebook,12639,240216,39088,616,58912,North America,35-44,3/30/23,4/10/23,Lead Generation,Toronto,16.27%,2%,366%,4324.482407,7451.092567,863.4250258
713,TikTok,10879,239306,36280,1556,18903,Africa,55+,10/31/23,11/5/23,Conversion,Lagos,15.16%,4%,74%,2441.162744,6032.279547,2405.557709
714,Twitter,17562,114785,40657,143,6110,Europe,25-34,1/29/23,2/19/23,Awareness,Madrid,35.42%,0%,-65%,4498.540462,9384.33266,3679.126878
715,Facebook,7483,239363,27191,1966,88537,South America,35-44,5/21/23,6/14/23,Conversion,São Paulo,11.36%,7%,1083%,2023.945701,3695.734195,1763.320104
716,Twitter,3305,978699,46806,1691,27086,North America,45-54,7/23/23,7/25/23,Conversion,New York,4.78%,4%,720%,832.3363961,1794.946488,677.7171164
717,LinkedIn,5320,827425,19614,863,91170,South America,25-34,8/2/23,8/17/23,Lead Generation,São Paulo,2.37%,4%,1614%,2512.762087,2680.526763,126.7111492
718,Instagram,18096,177977,12154,699,74764,North America,55+,10/6/23,10/20/23,Lead Generation,Chicago,6.83%,6%,313%,5838.312549,7845.84081,4411.846641
719,Facebook,9023,831865,34229,460,36046,Asia,18-24,11/5/23,11/12/23,Conversion,Tokyo,4.11%,1%,299%,4373.013117,3284.179806,1365.807077
720,LinkedIn,2103,431470,5477,1265,54610,Africa,18-24,1/2/23,1/17/23,Conversion,Nairobi,1.27%,23%,2497%,572.7452233,686.6234919,843.6312848
721,TikTok,9069,905999,11698,102,51789,South America,55+,3/2/23,3/13/23,Awareness,Lima,1.29%,1%,471%,2530.531652,4310.41207,2228.056278
722,LinkedIn,19043,673730,1618,198,46492,South America,55+,1/3/23,1/31/23,Lead Generation,Bogotá,0.24%,12%,144%,4963.470749,9575.013008,4504.516243
723,Instagram,970,280511,24058,1405,4363,Africa,25-34,9/28/23,10/11/23,Awareness,Lagos,8.58%,6%,350%,394.1637759,553.7681496,22.06807448
724,Instagram,3804,159996,22743,1196,31671,North America,35-44,9/12/23,9/22/23,Conversion,Chicago,14.21%,5%,733%,1160.676462,1856.284009,787.0395293
725,LinkedIn,13269,577516,37245,1268,32432,Europe,18-24,5/13/23,6/9/23,Conversion,London,6.45%,3%,144%,3447.792608,5922.853227,3898.354165
726,TikTok,19206,240385,21973,573,60602,North America,45-54,5/26/23,6/9/23,Lead Generation,Toronto,9.14%,3%,216%,4573.114299,6712.597772,7920.287928
727,Instagram,13444,802554,14887,1621,42388,Africa,45-54,1/28/23,2/6/23,Conversion,Nairobi,1.85%,11%,215%,6684.490801,4948.372019,1811.13718
728,Twitter,6555,341381,30555,1009,47253,Asia,55+,3/27/23,4/20/23,Lead Generation,Shanghai,8.95%,3%,621%,1746.5122,2615.203071,2193.284729
729,Instagram,16601,591525,13433,80,96394,North America,18-24,3/23/23,4/7/23,Awareness,Los Angeles,2.27%,1%,481%,6574.25788,7964.812227,2061.929892
730,Twitter,16966,438215,17152,725,72354,North America,35-44,11/8/23,12/1/23,Conversion,Chicago,3.91%,4%,326%,8316.394133,9616.378087,-966.7722192
731,TikTok,596,122720,9183,196,20901,Africa,25-34,12/18/23,12/22/23,Lead Generation,Cape Town,7.48%,2%,3407%,276.6346071,228.5076484,90.85774442
732,Instagram,12221,178032,14987,825,88678,Europe,35-44,5/24/23,6/6/23,Awareness,London,8.42%,6%,626%,5941.154485,4195.800684,2084.044831
733,Instagram,4722,80444,40525,516,8262,Africa,55+,7/5/23,8/2/23,Awareness,Cape Town,50.38%,1%,75%,1981.026536,2397.007626,343.9658383
734,Twitter,9967,330498,15181,478,29275,Asia,18-24,10/6/23,10/14/23,Awareness,Tokyo,4.59%,3%,194%,4408.364332,4817.508483,741.1271851
735,Instagram,18246,331279,546,735,9276,South America,18-24,8/8/23,8/10/23,Awareness,Buenos Aires,0.16%,135%,-49%,5669.649808,5659.346294,6917.003899
736,Twitter,15861,295642,10350,1125,71975,South America,55+,1/17/23,2/9/23,Lead Generation,Lima,3.50%,11%,354%,5944.360131,7424.076467,2492.563402
737,Facebook,16016,488836,16905,794,27262,Europe,55+,7/11/23,7/28/23,Conversion,Paris,3.46%,5%,70%,4524.815793,9039.984088,2451.200118
738,Twitter,1600,564520,9876,805,73636,South America,35-44,4/29/23,5/13/23,Awareness,Buenos Aires,1.75%,8%,4502%,736.9730427,852.4731681,10.55378921
739,TikTok,11664,383816,11915,680,70253,North America,55+,10/25/23,11/5/23,Conversion,New York,3.10%,6%,502%,3310.461411,4749.884946,3603.653643
740,Facebook,16781,654795,49480,964,59449,North America,55+,2/4/23,2/26/23,Conversion,Los Angeles,7.56%,2%,254%,5676.485382,6005.16741,5099.347208
741,Facebook,7933,855090,36189,742,50050,Europe,35-44,6/9/23,7/7/23,Awareness,Berlin,4.23%,2%,531%,3092.455477,2929.242894,1911.301628
742,TikTok,3785,261023,31407,871,99687,Europe,25-34,5/11/23,5/14/23,Awareness,Paris,12.03%,3%,2534%,1399.911895,1433.922737,951.1653678
743,TikTok,6265,389294,16882,429,61708,Asia,18-24,12/24/23,1/1/24,Conversion,Tokyo,4.34%,3%,885%,1871.022352,2356.343798,2037.63385
744,TikTok,17480,432214,18428,916,29679,North America,18-24,6/24/23,7/23/23,Lead Generation,New York,4.26%,5%,70%,5309.35461,8357.745593,3812.899797
745,Instagram,17321,61903,30859,1172,52844,Africa,35-44,11/27/23,12/3/23,Conversion,Nairobi,49.85%,4%,205%,8082.124584,10139.64649,-900.7710715
746,Twitter,2616,147743,25138,1197,13986,Asia,45-54,4/7/23,4/18/23,Conversion,Tokyo,17.01%,5%,435%,1213.776997,934.0091421,468.2138613
747,Instagram,2948,791086,46681,844,69255,South America,35-44,1/16/23,2/13/23,Awareness,Lima,5.90%,2%,2249%,1435.026653,1552.684911,-39.71156458
748,Twitter,18882,327014,30285,242,81174,Asia,25-34,8/12/23,8/19/23,Awareness,Shanghai,9.26%,1%,330%,8679.54014,9897.872928,304.5869316
749,Instagram,10807,236996,27557,519,81856,South America,55+,1/6/23,1/20/23,Conversion,São Paulo,11.63%,2%,657%,4357.981534,5579.054091,869.9643752
750,Twitter,8575,456055,39067,1204,37638,South America,45-54,6/26/23,7/21/23,Awareness,São Paulo,8.57%,3%,339%,3509.6341,3276.055296,1789.310604
751,Twitter,1272,526125,15306,1556,34234,Europe,35-44,4/21/23,5/4/23,Lead Generation,Madrid,2.91%,10%,2591%,630.5299064,583.8847005,57.58539315
752,Facebook,18263,215996,39060,1711,67398,Africa,55+,1/18/23,1/19/23,Lead Generation,Cairo,18.08%,4%,269%,8814.979622,9430.738501,17.28187731
753,Instagram,9120,699461,1586,1459,20637,North America,55+,4/16/23,5/16/23,Conversion,Los Angeles,0.23%,92%,126%,2301.137408,5358.639331,1460.223261
754,Facebook,4138,120869,31908,407,38647,Europe,55+,4/15/23,4/25/23,Conversion,Madrid,26.40%,1%,834%,1224.248581,1673.432165,1240.319255
755,Twitter,10265,130565,21101,1839,54181,North America,55+,9/9/23,9/23/23,Conversion,Toronto,16.16%,9%,428%,4710.687657,4156.974402,1397.337941
756,Facebook,14155,457188,31131,792,4860,Europe,35-44,10/16/23,11/11/23,Conversion,Paris,6.81%,3%,-66%,5084.192897,8452.979551,617.8275526
757,LinkedIn,19947,42346,5503,1360,70186,Africa,18-24,5/7/23,5/14/23,Lead Generation,Nairobi,13.00%,25%,252%,9391.731643,6940.468998,3614.799359
758,TikTok,2892,468499,41223,1806,22103,South America,25-34,9/9/23,9/30/23,Conversion,Buenos Aires,8.80%,4%,664%,1300.469159,1068.440362,523.0904793
759,TikTok,17243,391902,48716,1548,56615,Africa,18-24,10/18/23,10/27/23,Conversion,Lagos,12.43%,3%,228%,4157.465752,9438.417339,3647.116909
760,Instagram,6542,32736,17525,1245,47423,South America,55+,6/16/23,6/23/23,Lead Generation,Buenos Aires,53.53%,7%,625%,2926.393408,2149.632524,1465.974067
761,Instagram,17277,78040,13751,1599,82654,Europe,45-54,7/3/23,7/15/23,Awareness,Berlin,17.62%,12%,378%,8535.914949,5522.838825,3218.246226
762,Twitter,16137,693664,8506,506,70556,Asia,55+,3/1/23,3/10/23,Conversion,Seoul,1.23%,6%,337%,7984.170909,8324.545595,-171.7165037
763,LinkedIn,1493,411744,7801,1453,21466,Africa,55+,10/14/23,10/30/23,Awareness,Lagos,1.89%,19%,1338%,450.4026484,796.4418484,246.1555031
764,Instagram,10707,755908,9628,279,86875,South America,35-44,12/25/23,1/21/24,Awareness,Buenos Aires,1.27%,3%,711%,2391.002648,3970.743607,4345.253745
765,Facebook,614,692313,20524,273,77207,Asia,25-34,2/25/23,3/19/23,Lead Generation,Mumbai,2.96%,1%,12474%,163.7885101,282.3897807,167.8217092
766,Instagram,3940,29593,10357,1176,32376,South America,25-34,7/16/23,7/17/23,Lead Generation,Buenos Aires,35.00%,11%,722%,1584.112239,1544.820375,811.0673859
767,Twitter,18549,670042,3138,1627,99506,Asia,35-44,5/16/23,5/31/23,Lead Generation,Seoul,0.47%,52%,436%,3738.451416,6620.832021,8189.716563
768,Facebook,2449,583618,12555,1546,77338,South America,55+,7/8/23,7/23/23,Awareness,Buenos Aires,2.15%,12%,3058%,575.0667873,1383.325309,490.6079035
769,Instagram,19803,89853,22274,1785,97393,Africa,55+,3/13/23,4/1/23,Lead Generation,Lagos,24.79%,8%,392%,9493.789648,6686.422222,3622.788131
770,LinkedIn,18187,937069,18463,632,3443,North America,18-24,9/10/23,9/29/23,Lead Generation,Chicago,1.97%,3%,-81%,7675.813375,9223.718471,1287.468153
771,Instagram,7700,338750,10819,1227,65332,Asia,55+,6/22/23,6/26/23,Conversion,Mumbai,3.19%,11%,748%,3708.618018,3440.388028,550.9939541
772,Twitter,1183,521302,30430,226,97312,Europe,45-54,12/9/23,12/20/23,Awareness,Berlin,5.84%,1%,8126%,463.4602013,432.6919646,286.8478341
773,Instagram,18822,611055,45844,1178,52611,North America,18-24,6/5/23,6/19/23,Conversion,Chicago,7.50%,3%,180%,6409.64403,9707.281037,2705.074933
774,Facebook,4860,438230,46692,340,46886,South America,45-54,12/24/23,1/17/24,Lead Generation,Buenos Aires,10.65%,1%,865%,1949.069948,2319.148252,591.7818003
775,Facebook,14887,294167,35006,1898,53148,South America,55+,4/14/23,5/4/23,Conversion,São Paulo,11.90%,5%,257%,6335.404804,6000.900676,2550.69452
776,TikTok,14264,255875,12146,765,41000,South America,35-44,12/2/23,12/15/23,Lead Generation,Bogotá,4.75%,6%,187%,3344.256836,8112.645181,2807.097983
777,TikTok,7664,722971,44640,733,57793,North America,45-54,12/12/23,1/9/24,Lead Generation,New York,6.17%,2%,654%,3269.954169,4155.462415,238.5834154
778,Twitter,4287,972944,43532,1979,50204,Europe,25-34,11/26/23,12/8/23,Lead Generation,Madrid,4.47%,5%,1071%,1086.799611,1623.184373,1577.016015
779,LinkedIn,9958,719474,3966,244,78606,Europe,35-44,11/24/23,12/11/23,Lead Generation,Madrid,0.55%,6%,689%,3995.141889,5053.649607,909.2085032
780,TikTok,14822,887977,15377,1470,75451,Europe,45-54,12/16/23,1/2/24,Awareness,London,1.73%,10%,409%,6034.680503,7398.221879,1389.097619
781,Twitter,11067,201240,25892,1453,26537,Europe,25-34,5/28/23,6/25/23,Lead Generation,Madrid,12.87%,6%,140%,2255.248751,5264.891764,3546.859485
782,Facebook,1832,270198,2152,940,83621,South America,18-24,12/25/23,1/3/24,Lead Generation,Buenos Aires,0.80%,44%,4464%,677.4816816,791.4362783,363.08204
783,TikTok,4718,635484,44119,836,37732,South America,18-24,3/14/23,3/24/23,Conversion,Bogotá,6.94%,2%,700%,2030.998698,1652.099845,1034.901457
784,Twitter,795,542922,1919,699,73710,Asia,25-34,12/11/23,12/16/23,Conversion,Seoul,0.35%,36%,9172%,160.7564867,368.9963421,265.2471712
785,Instagram,16668,21720,32875,1865,82253,Africa,18-24,6/7/23,6/23/23,Lead Generation,Lagos,151.36%,6%,393%,3691.285108,6295.754403,6680.960489
786,TikTok,15098,555775,12249,1231,82007,South America,45-54,10/23/23,11/1/23,Lead Generation,Buenos Aires,2.20%,10%,443%,4816.534463,8164.216078,2117.24946
787,TikTok,5639,667965,8761,1160,303,Europe,25-34,10/2/23,10/30/23,Lead Generation,Madrid,1.31%,13%,-95%,2513.936032,2970.304501,154.759467
788,LinkedIn,4915,805641,26632,681,42409,Asia,55+,5/30/23,6/26/23,Awareness,Mumbai,3.31%,3%,763%,1295.363947,2250.355333,1369.28072
789,Facebook,8109,781145,24704,946,83584,South America,18-24,8/12/23,9/8/23,Lead Generation,São Paulo,3.16%,4%,931%,2846.31516,2503.730776,2758.954064
790,Twitter,18721,415588,21050,1636,2312,Africa,18-24,3/18/23,4/14/23,Lead Generation,Lagos,5.07%,8%,-88%,9231.673003,10939.81006,-1450.483067
791,Facebook,15865,776354,25209,72,16904,Africa,18-24,3/30/23,4/29/23,Conversion,Cape Town,3.25%,0%,7%,5239.989661,9446.920588,1178.089751
792,Facebook,18210,94624,32009,1672,93733,South America,35-44,6/12/23,6/24/23,Conversion,São Paulo,33.83%,5%,415%,6957.389248,8270.223922,2982.38683
793,LinkedIn,12070,290141,4861,1061,23387,South America,25-34,2/19/23,3/20/23,Conversion,Lima,1.68%,22%,94%,2700.938981,7045.716024,2323.344996
794,Instagram,9353,772968,37240,836,36669,Europe,25-34,3/23/23,4/5/23,Conversion,Paris,4.82%,2%,292%,2305.730455,3193.550736,3853.718809
795,LinkedIn,11099,997570,19198,1407,68781,Europe,45-54,7/17/23,8/5/23,Awareness,Paris,1.92%,7%,520%,4461.244982,3372.862846,3264.892172
796,Twitter,2533,415164,25744,1551,92423,South America,55+,10/29/23,11/3/23,Awareness,Buenos Aires,6.20%,6%,3549%,608.4125598,1015.473881,909.1135587
797,TikTok,13417,93403,44741,1280,66348,Asia,55+,6/3/23,6/7/23,Lead Generation,Seoul,47.90%,3%,395%,6069.520562,4829.357767,2518.121671
798,Facebook,19377,976950,25197,830,94189,Asia,55+,2/22/23,3/14/23,Lead Generation,Shanghai,2.58%,3%,386%,8457.509695,9256.058427,1663.431878
799,Instagram,15329,296154,21357,290,30472,North America,45-54,6/19/23,7/17/23,Lead Generation,Toronto,7.21%,1%,99%,7266.472649,7262.619374,799.907977
800,LinkedIn,8899,256219,28724,42,76956,Asia,18-24,1/25/23,2/5/23,Lead Generation,Seoul,11.21%,0%,765%,2802.433896,2891.437456,3205.128648
801,LinkedIn,5241,801439,13310,769,55214,South America,18-24,3/2/23,3/8/23,Conversion,Buenos Aires,1.66%,6%,954%,2489.315566,2024.736891,726.9475433
802,Twitter,11374,765801,42765,621,16713,Europe,45-54,12/26/23,1/13/24,Lead Generation,Paris,5.58%,1%,47%,5265.532185,4126.157232,1982.310583
803,LinkedIn,15306,776486,14674,1212,96283,Europe,55+,7/14/23,7/21/23,Lead Generation,London,1.89%,8%,529%,5127.174783,8393.58966,1785.235557
804,Twitter,13428,452463,15574,1633,94326,North America,45-54,9/19/23,10/15/23,Conversion,Toronto,3.44%,10%,602%,3112.053488,7406.560595,2909.385917
805,Instagram,6769,396876,20813,839,29553,North America,55+,6/2/23,6/14/23,Conversion,Chicago,5.24%,4%,337%,1544.981129,2506.776783,2717.242088
806,TikTok,12392,780545,18022,1721,21794,Asia,18-24,8/13/23,8/14/23,Awareness,Mumbai,2.31%,10%,76%,5118.784034,4807.967793,2465.248173
807,TikTok,2723,308705,12134,1400,61525,North America,45-54,11/18/23,12/10/23,Awareness,Toronto,3.93%,12%,2159%,1224.285243,1152.900079,345.8146783
808,TikTok,10078,487990,41685,276,24964,Africa,25-34,9/25/23,10/11/23,Conversion,Cape Town,8.54%,1%,148%,4908.709039,4202.845687,966.4452732
809,Twitter,4249,565282,21982,1689,73161,Asia,55+,4/30/23,5/13/23,Conversion,Seoul,3.89%,8%,1622%,1260.443173,1885.022586,1103.534241
810,Twitter,12628,159348,25326,1452,19017,Asia,25-34,2/7/23,2/23/23,Awareness,Seoul,15.89%,6%,51%,4211.835259,4201.007741,4215.157
811,LinkedIn,3545,275675,36146,137,11255,South America,18-24,7/28/23,8/15/23,Conversion,São Paulo,13.11%,0%,217%,1091.135217,1775.198568,678.6662143
812,LinkedIn,15446,421977,36548,1308,88216,Africa,35-44,1/8/23,2/7/23,Lead Generation,Nairobi,8.66%,4%,471%,4683.236195,8933.913317,1828.850488
813,Facebook,5772,344857,12454,345,58711,South America,45-54,9/19/23,10/8/23,Lead Generation,Bogotá,3.61%,3%,917%,1484.221107,3375.751072,912.0278211
814,Twitter,15992,941642,48282,780,53811,Africa,25-34,5/10/23,5/21/23,Awareness,Nairobi,5.13%,2%,236%,6286.707261,5900.395991,3804.896748
815,Twitter,4002,663614,7882,1497,56622,Asia,25-34,6/4/23,6/11/23,Conversion,Shanghai,1.19%,19%,1315%,941.1479772,2033.390941,1027.461082
816,Facebook,9087,264799,11520,867,70926,North America,18-24,2/23/23,3/12/23,Lead Generation,Los Angeles,4.35%,8%,681%,3305.315184,3294.006896,2487.677919
817,Twitter,10737,158431,48873,542,62955,Asia,25-34,5/20/23,6/8/23,Conversion,Tokyo,30.85%,1%,486%,3250.889274,4979.597285,2506.513441
818,LinkedIn,5044,56725,28044,1935,6099,Europe,35-44,12/22/23,12/27/23,Awareness,Madrid,49.44%,7%,21%,1860.687516,2881.281038,302.0314463
819,LinkedIn,14654,280187,44149,211,16106,South America,45-54,10/26/23,11/21/23,Conversion,São Paulo,15.76%,0%,10%,4559.34408,5678.170476,4416.485444
820,LinkedIn,16454,441060,37664,915,59257,North America,55+,11/1/23,11/12/23,Conversion,Los Angeles,8.54%,2%,260%,5478.088005,5540.701883,5435.210112
821,Twitter,15368,425937,14146,520,99647,Africa,25-34,1/19/23,1/31/23,Lead Generation,Cape Town,3.32%,4%,548%,5291.534759,8281.002038,1795.463203
822,Instagram,8755,160238,35580,1838,76580,South America,25-34,10/18/23,11/4/23,Awareness,São Paulo,22.20%,5%,775%,3346.774777,3451.735123,1956.490101
823,Facebook,18895,876896,9784,139,39626,North America,18-24,7/13/23,7/31/23,Awareness,New York,1.12%,1%,110%,5265.356003,9930.640595,3699.003402
824,Twitter,3619,916539,18977,692,84973,South America,18-24,1/1/24,1/22/24,Conversion,São Paulo,2.07%,4%,2248%,1512.46435,1105.116485,1001.419165
825,TikTok,14939,798897,1318,748,29286,Africa,35-44,9/16/23,10/9/23,Awareness,Lagos,0.16%,57%,96%,4089.736655,8774.710298,2074.553047
826,Facebook,17691,413295,7482,1487,25066,Africa,35-44,9/19/23,9/30/23,Lead Generation,Cairo,1.81%,20%,42%,7712.861734,8699.045646,1279.092619
827,Facebook,19514,560870,36853,634,33835,South America,35-44,8/9/23,8/31/23,Lead Generation,Bogotá,6.57%,2%,73%,6256.372204,8251.24369,5006.384106
828,Facebook,6053,875053,44138,107,32846,Europe,25-34,9/29/23,10/27/23,Conversion,Paris,5.04%,0%,443%,1431.146248,3483.16019,1138.693562
829,Facebook,5882,665198,15187,277,42492,Africa,45-54,2/1/23,2/19/23,Lead Generation,Lagos,2.28%,2%,622%,1669.122335,3191.778776,1021.098888
830,LinkedIn,2694,271105,35305,1905,14432,North America,55+,2/13/23,3/5/23,Awareness,New York,13.02%,5%,436%,1289.509543,925.6627483,478.8277087
831,TikTok,9594,253173,27049,1972,94846,North America,18-24,12/29/23,1/12/24,Awareness,Toronto,10.68%,7%,889%,4135.525121,3320.118309,2138.35657
832,LinkedIn,14144,333965,32220,1620,67657,South America,18-24,4/30/23,5/7/23,Awareness,Lima,9.65%,5%,378%,2987.805083,6534.086653,4622.108265
833,Twitter,19994,140703,37307,599,28092,Africa,45-54,9/29/23,10/21/23,Conversion,Lagos,26.51%,2%,41%,4515.753788,7897.597656,7580.648556
834,Twitter,2072,710256,4696,120,46328,North America,55+,12/4/23,12/27/23,Conversion,New York,0.66%,3%,2136%,758.8626696,668.9837516,644.1535788
835,Instagram,12225,212836,32660,752,94546,Africa,55+,9/18/23,10/17/23,Conversion,Nairobi,15.35%,2%,673%,3984.890866,3764.480017,4475.629117
836,TikTok,18719,49123,14921,363,48114,South America,55+,3/28/23,4/10/23,Conversion,Bogotá,30.37%,2%,157%,3958.301803,10060.53218,4700.166016
837,TikTok,12700,981249,5556,1724,2668,Asia,25-34,2/8/23,2/10/23,Awareness,Tokyo,0.57%,31%,-79%,5206.416749,7342.603091,150.9801598
838,LinkedIn,12059,841093,41774,196,69353,Asia,55+,9/6/23,9/22/23,Conversion,Seoul,4.97%,0%,475%,5398.773943,6686.491128,-26.26507129
839,LinkedIn,14887,882920,12138,1667,90741,North America,45-54,3/8/23,3/11/23,Lead Generation,Los Angeles,1.37%,14%,510%,3276.913908,7286.189698,4323.896393
840,TikTok,12930,848591,29989,234,60848,North America,18-24,11/14/23,11/24/23,Lead Generation,New York,3.53%,1%,371%,4483.784658,5118.866482,3327.34886
841,Facebook,9811,430727,11777,1732,53971,Europe,35-44,11/30/23,12/5/23,Lead Generation,Madrid,2.73%,15%,450%,4413.030791,3189.097143,2208.872066
842,LinkedIn,17080,496998,11025,286,38195,North America,45-54,9/9/23,9/16/23,Awareness,Toronto,2.22%,3%,124%,4781.070237,9800.506716,2498.423047
843,Instagram,5541,675304,25376,736,40773,Asia,55+,3/2/23,3/31/23,Conversion,Seoul,3.76%,3%,636%,1968.646844,3018.429683,553.9234721
844,Twitter,1926,864431,9817,759,48687,Asia,25-34,6/20/23,7/15/23,Lead Generation,Tokyo,1.14%,8%,2428%,554.1769421,996.3194978,375.5035601
845,Facebook,3997,464785,14365,852,21016,Asia,45-54,12/20/23,1/3/24,Conversion,Tokyo,3.09%,6%,426%,1926.621021,1542.298269,528.0807097
846,Twitter,3563,476041,16962,647,12296,Europe,55+,6/16/23,7/10/23,Conversion,London,3.56%,4%,245%,1760.188783,1198.335628,604.4755895
847,Twitter,11123,533984,7660,1480,61341,South America,25-34,8/26/23,8/27/23,Conversion,Lima,1.43%,19%,451%,3049.756571,5840.217898,2233.02553
848,TikTok,1354,649394,47008,385,77493,Europe,25-34,11/16/23,11/22/23,Lead Generation,Paris,7.24%,1%,5623%,521.2585005,452.5639764,380.1775231
849,LinkedIn,1100,709207,20532,693,17883,Asia,35-44,12/21/23,1/3/24,Awareness,Shanghai,2.90%,3%,1526%,232.6768077,433.7472274,433.5759648
850,Facebook,17593,295813,5515,517,2545,Asia,25-34,9/30/23,10/12/23,Conversion,Shanghai,1.86%,9%,-86%,5574.61738,6671.752809,5346.629811
851,Facebook,9107,747968,40414,1002,27599,North America,55+,1/8/23,1/22/23,Awareness,Los Angeles,5.40%,2%,203%,3187.471053,5178.892737,740.6362104
852,TikTok,1038,304350,33229,901,7685,Asia,55+,6/29/23,7/2/23,Awareness,Mumbai,10.92%,3%,640%,316.7581314,587.6444912,133.5973774
853,Twitter,16783,347354,48228,1365,96761,North America,55+,5/13/23,5/25/23,Conversion,Chicago,13.88%,3%,477%,7951.239278,5079.676389,3752.084333
854,Facebook,15251,645777,7301,1770,48959,North America,25-34,1/19/23,2/3/23,Awareness,Los Angeles,1.13%,24%,221%,3880.415807,5598.216492,5772.367701
855,LinkedIn,10785,545048,1460,1203,48798,Europe,35-44,12/4/23,12/19/23,Awareness,London,0.27%,82%,352%,3032.459902,3643.721974,4108.818123
856,TikTok,4357,122156,34274,1414,94288,North America,45-54,2/24/23,3/9/23,Awareness,Toronto,28.06%,4%,2064%,1654.340452,2521.106497,181.5530512
857,Twitter,17017,437563,49861,870,32897,Africa,35-44,5/27/23,6/8/23,Awareness,Cairo,11.40%,2%,93%,8077.512675,8629.653131,309.8341946
858,TikTok,3032,739743,46357,1965,79149,South America,25-34,9/16/23,9/29/23,Lead Generation,Bogotá,6.27%,4%,2510%,1051.628335,1205.200894,775.1707711
859,TikTok,13236,969118,38759,680,62870,South America,18-24,6/20/23,6/22/23,Lead Generation,São Paulo,4.00%,2%,375%,3036.652315,4702.835431,5496.512254
860,Facebook,5975,876481,18516,1247,96863,Europe,18-24,6/3/23,7/2/23,Lead Generation,Berlin,2.11%,7%,1521%,2921.516582,3309.771099,-256.2876809
861,Instagram,3823,545191,23856,1152,60321,Africa,45-54,9/16/23,10/3/23,Lead Generation,Cairo,4.38%,5%,1478%,1619.103708,2019.34134,184.5549516
862,LinkedIn,5649,185098,46096,1192,71762,Asia,18-24,12/14/23,12/21/23,Lead Generation,Mumbai,24.90%,3%,1170%,2371.821802,1761.180916,1515.997281
863,TikTok,14539,609572,34340,769,51732,South America,18-24,2/9/23,3/1/23,Lead Generation,Buenos Aires,5.63%,2%,256%,5454.02891,5971.369176,3113.601914
864,LinkedIn,8158,950421,31366,1119,96411,South America,55+,12/19/23,1/14/24,Lead Generation,São Paulo,3.30%,4%,1082%,2722.178384,2476.626913,2959.194703
865,Facebook,13755,889164,39449,1945,49489,Asia,45-54,11/24/23,12/13/23,Lead Generation,Tokyo,4.44%,5%,260%,4825.80469,5625.258201,3303.937109
866,Facebook,4512,857492,1500,1580,78242,Africa,35-44,12/29/23,1/8/24,Conversion,Cape Town,0.17%,105%,1634%,1567.771434,2417.441586,526.7869801
867,Twitter,19780,869370,42936,254,44742,North America,25-34,12/4/23,12/24/23,Conversion,New York,4.94%,1%,126%,8570.736133,6978.17106,4231.092807
868,LinkedIn,16476,169021,19207,1830,60156,North America,35-44,1/22/23,1/23/23,Conversion,Toronto,11.36%,10%,265%,7482.748418,7574.410984,1418.840598
869,Instagram,630,294199,27493,599,3389,North America,45-54,4/12/23,4/13/23,Conversion,Toronto,9.35%,2%,438%,253.7103061,220.0658049,156.223889
870,Twitter,7163,356957,14998,1949,19029,North America,18-24,9/21/23,10/18/23,Conversion,Los Angeles,4.20%,13%,166%,2690.386439,3707.503595,765.1099658
871,LinkedIn,6523,714197,11226,1740,434,Asia,18-24,1/28/23,2/9/23,Awareness,Seoul,1.57%,15%,-93%,2244.015854,3329.619819,949.3643278
872,Facebook,13877,858016,16559,1269,80962,Africa,35-44,3/12/23,4/2/23,Lead Generation,Lagos,1.93%,8%,483%,4679.154411,6982.438996,2215.406593
873,Instagram,2223,9653,47532,28,8315,North America,45-54,5/8/23,6/3/23,Lead Generation,Los Angeles,492.41%,0%,274%,630.1801297,1307.554451,285.265419
874,Twitter,1119,206614,38224,1698,97109,Africa,25-34,5/28/23,6/27/23,Awareness,Lagos,18.50%,4%,8578%,500.3402113,432.3952786,186.2645101
875,LinkedIn,3919,645980,39043,1947,32651,Africa,55+,1/20/23,2/11/23,Lead Generation,Nairobi,6.04%,5%,733%,1521.501301,1394.061607,1003.437093
876,TikTok,16800,460908,36119,250,62563,North America,35-44,11/15/23,12/12/23,Conversion,New York,7.84%,1%,272%,3547.960057,9832.412609,3419.627334
877,Instagram,6351,235975,49166,839,21979,Europe,25-34,10/17/23,10/20/23,Awareness,Paris,20.84%,2%,246%,2122.595148,2846.933674,1381.471178
878,TikTok,16804,591839,28720,1317,11540,North America,55+,10/25/23,11/2/23,Conversion,Chicago,4.85%,5%,-31%,4394.485048,8700.301378,3709.213574
879,Facebook,15594,136687,6569,1022,50221,Europe,25-34,5/25/23,5/29/23,Lead Generation,London,4.81%,16%,222%,7537.082504,5779.004515,2277.912982
880,Facebook,16592,524987,76,1113,4433,North America,18-24,2/21/23,3/5/23,Awareness,Chicago,0.01%,1464%,-73%,4694.966382,9036.452474,2860.581144
881,Facebook,15759,848050,10033,1400,8627,Europe,45-54,2/23/23,3/17/23,Awareness,Berlin,1.18%,14%,-45%,5271.439929,8399.242934,2088.317138
882,Twitter,587,959263,37039,700,14392,South America,55+,7/30/23,8/16/23,Conversion,Bogotá,3.86%,2%,2352%,274.1852871,242.912489,69.90222387
883,Facebook,5764,767679,9758,1130,55576,Africa,45-54,4/29/23,5/4/23,Conversion,Nairobi,1.27%,12%,864%,2390.370991,3327.295317,46.33369219
884,TikTok,1963,410996,35131,784,26363,Africa,55+,10/11/23,10/19/23,Awareness,Nairobi,8.55%,2%,1243%,567.1910265,741.4769243,654.3320491
885,Facebook,13851,313047,11713,1080,49430,South America,18-24,4/20/23,5/18/23,Awareness,Buenos Aires,3.74%,9%,257%,2899.953423,7014.143644,3936.902933
886,Twitter,9584,149828,14419,967,61372,Europe,25-34,3/28/23,4/24/23,Awareness,Berlin,9.62%,7%,540%,1931.233879,4792.073615,2860.692506
887,Twitter,19995,427736,33897,1271,23936,Asia,25-34,6/23/23,7/3/23,Conversion,Mumbai,7.92%,4%,20%,8795.315307,9676.814541,1522.870152
888,LinkedIn,16554,682427,49175,65,80397,Europe,35-44,7/3/23,7/20/23,Conversion,Paris,7.21%,0%,386%,4522.364607,5096.306299,6935.329093
889,Facebook,2575,938020,42252,1308,55563,North America,25-34,8/11/23,8/24/23,Conversion,New York,4.50%,3%,2058%,566.2322071,940.8157965,1067.951996
890,Facebook,8477,127528,49413,266,17332,Europe,25-34,1/29/23,2/25/23,Lead Generation,Paris,38.75%,1%,104%,2663.996754,2881.365798,2931.637448
891,Instagram,8030,465258,3159,523,55231,North America,25-34,7/25/23,8/17/23,Awareness,Los Angeles,0.68%,17%,588%,1926.585461,2915.55439,3187.860149
892,Instagram,2290,42197,39696,785,58833,Asia,45-54,12/7/23,12/27/23,Conversion,Seoul,94.07%,2%,2469%,903.6333572,1349.69256,36.67408313
893,Instagram,12974,730370,15200,586,34897,North America,45-54,3/29/23,3/31/23,Conversion,Toronto,2.08%,4%,169%,4064.434492,6950.663096,1958.902412
894,TikTok,1597,389337,22271,858,58291,Europe,25-34,1/10/23,1/11/23,Conversion,Berlin,5.72%,4%,3550%,326.1840962,795.6698879,475.1460159
895,LinkedIn,1437,953200,20067,1797,66777,North America,25-34,8/28/23,9/20/23,Lead Generation,Los Angeles,2.11%,9%,4547%,473.1277366,526.2191264,437.653137
896,TikTok,10309,347353,5942,1713,82747,Africa,55+,2/9/23,2/18/23,Lead Generation,Nairobi,1.71%,29%,703%,4171.813943,4214.84054,1922.345517
897,Instagram,10825,429610,45860,612,18645,Europe,18-24,8/5/23,8/12/23,Awareness,Paris,10.67%,1%,72%,3903.087011,4339.910746,2582.002243
898,LinkedIn,11305,237581,2941,169,41662,Europe,35-44,11/18/23,12/3/23,Lead Generation,Madrid,1.24%,6%,269%,5245.035607,4529.119257,1530.845136
899,Instagram,2904,90479,26478,1981,96906,Europe,45-54,3/2/23,3/18/23,Conversion,London,29.26%,7%,3237%,1141.087316,1043.389984,719.5226996
900,Facebook,5950,348059,42718,550,29280,South America,35-44,9/18/23,10/2/23,Conversion,Bogotá,12.27%,1%,392%,1648.177058,3513.520867,788.3020743
901,TikTok,747,116272,6637,506,18314,Europe,55+,3/13/23,4/2/23,Conversion,Madrid,5.71%,8%,2352%,177.0620744,285.8913506,284.046575
902,Facebook,2003,255951,3209,1006,41027,Asia,45-54,12/7/23,12/15/23,Conversion,Tokyo,1.25%,31%,1948%,786.8380021,820.2767818,395.8852161
903,Facebook,17496,590765,28482,74,89100,Africa,25-34,1/1/23,1/9/23,Awareness,Nairobi,4.82%,0%,409%,5371.691411,10419.94173,1704.366855
904,LinkedIn,9989,244804,29198,677,44414,South America,45-54,10/9/23,11/6/23,Lead Generation,São Paulo,11.93%,2%,345%,2658.889443,4213.041751,3117.068805
905,Instagram,5132,549080,2450,628,99962,Europe,55+,2/19/23,3/11/23,Lead Generation,Madrid,0.45%,26%,1848%,1818.212643,2290.276181,1023.511177
906,TikTok,16876,424002,17513,151,28279,North America,45-54,11/7/23,11/29/23,Conversion,Toronto,4.13%,1%,68%,5640.625645,8060.574269,3174.800086
907,Facebook,7693,250192,8705,963,53756,North America,45-54,3/18/23,4/9/23,Awareness,Chicago,3.48%,11%,599%,3124.346943,4200.914441,367.7386164
908,TikTok,3049,340808,43295,1869,67647,Asia,35-44,8/1/23,8/25/23,Awareness,Tokyo,12.70%,4%,2119%,862.7006212,1668.620792,517.6785871
909,LinkedIn,19873,376547,47445,633,16636,Europe,18-24,1/27/23,1/30/23,Lead Generation,Madrid,12.60%,1%,-16%,4277.120126,9967.509022,5628.370853
910,Twitter,2192,408594,40662,555,84533,North America,18-24,7/23/23,8/15/23,Lead Generation,Chicago,9.95%,1%,3756%,918.724659,1015.444205,257.8311363
911,Twitter,18684,787830,28487,1853,72879,North America,35-44,12/19/23,1/15/24,Conversion,Chicago,3.62%,7%,290%,6560.189963,8150.149802,3973.660235
912,Instagram,5152,403222,11949,1715,60514,Europe,55+,2/4/23,2/10/23,Lead Generation,London,2.96%,14%,1075%,2127.147519,1888.071057,1136.781424
913,TikTok,9410,368941,46574,1604,90471,Asia,25-34,2/18/23,3/5/23,Conversion,Shanghai,12.62%,3%,861%,2692.018616,3420.773709,3297.207674
914,Twitter,12758,688305,31396,1676,25651,Europe,55+,2/12/23,2/15/23,Awareness,Berlin,4.56%,5%,101%,3815.875985,6442.632818,2499.491197
915,LinkedIn,2001,900704,20969,733,50619,Europe,18-24,10/27/23,11/7/23,Conversion,London,2.33%,3%,2430%,881.1016107,788.5920832,331.3063061
916,Twitter,7689,508663,43962,1886,16181,North America,45-54,7/22/23,7/30/23,Awareness,Toronto,8.64%,4%,110%,3652.637953,3043.402791,992.9592561
917,LinkedIn,3542,223713,33815,1121,6263,Africa,25-34,4/9/23,4/22/23,Awareness,Lagos,15.12%,3%,77%,1100.195694,1360.104269,1081.700037
918,TikTok,9292,113990,42676,1775,63179,Europe,45-54,5/7/23,5/23/23,Conversion,Berlin,37.44%,4%,580%,3910.194516,5410.523392,-28.71790801
919,TikTok,8115,513526,4606,361,60864,North America,35-44,2/3/23,2/26/23,Conversion,Toronto,0.90%,8%,650%,3276.589249,2737.270447,2101.140304
920,TikTok,8916,79628,21843,192,72556,Asia,18-24,8/17/23,9/5/23,Conversion,Mumbai,27.43%,1%,714%,1923.89321,5092.020704,1900.086085
921,Twitter,12407,953484,37832,621,19015,Asia,55+,1/16/23,2/6/23,Conversion,Shanghai,3.97%,2%,53%,5093.964768,6707.167988,605.8672442
922,TikTok,14059,876842,49571,891,6986,Europe,35-44,8/2/23,8/21/23,Lead Generation,Paris,5.65%,2%,-50%,3134.471951,7586.93858,3337.589469
923,TikTok,19961,776814,5095,1134,36692,Asia,25-34,11/5/23,11/12/23,Lead Generation,Tokyo,0.66%,22%,84%,4469.609593,10204.06726,5287.323143
924,Twitter,18276,415249,37085,95,78341,Europe,45-54,2/22/23,3/19/23,Lead Generation,London,8.93%,0%,329%,7216.703621,5784.236898,5275.059481
925,Facebook,11766,179825,15930,1890,40950,North America,18-24,12/28/23,1/27/24,Lead Generation,Toronto,8.86%,12%,248%,3635.191486,6584.196474,1546.61204
926,TikTok,7215,707237,40937,1543,39812,North America,25-34,6/9/23,6/11/23,Conversion,Chicago,5.79%,4%,452%,3228.709981,3381.082255,605.2077641
927,LinkedIn,4283,792769,26478,745,94792,North America,18-24,5/29/23,6/17/23,Lead Generation,New York,3.34%,3%,2113%,1054.360432,1341.329195,1887.310373
928,LinkedIn,1675,462898,39380,287,96182,Africa,25-34,6/6/23,6/24/23,Conversion,Cairo,8.51%,1%,5642%,783.3242832,627.6452969,264.03042
929,LinkedIn,16380,749514,7676,108,20546,South America,18-24,2/6/23,2/13/23,Lead Generation,Bogotá,1.02%,1%,25%,7638.800365,5821.303304,2919.896331
930,Instagram,19241,695970,31674,1393,32633,Asia,18-24,9/28/23,9/29/23,Conversion,Seoul,4.55%,4%,70%,8960.229979,8293.052216,1987.717804
931,LinkedIn,17712,740910,15724,529,20650,South America,45-54,1/25/23,2/9/23,Awareness,Lima,2.12%,3%,17%,7469.292871,5496.189814,4746.517316
932,Instagram,2206,573600,7391,949,57084,Asia,25-34,11/1/23,11/12/23,Conversion,Seoul,1.29%,13%,2488%,743.5909405,820.6043891,641.8046703
933,Twitter,18298,876686,29112,1942,15919,Europe,18-24,11/27/23,12/22/23,Lead Generation,Madrid,3.32%,7%,-13%,8003.876294,10559.37211,-265.2484072
934,TikTok,6370,341545,35933,1595,33908,Asia,35-44,12/13/23,1/12/24,Lead Generation,Tokyo,10.52%,4%,432%,2769.264939,2597.877334,1002.857726
935,Twitter,10904,380275,41647,175,11639,Asia,35-44,10/16/23,11/9/23,Awareness,Tokyo,10.95%,0%,7%,2312.36024,6099.656668,2491.983093
936,Twitter,18492,276373,14277,604,16439,North America,55+,6/23/23,7/19/23,Awareness,New York,5.17%,4%,-11%,4287.603599,6907.52632,7296.87008
937,TikTok,3811,518584,14416,682,64938,Asia,18-24,12/5/23,12/11/23,Awareness,Shanghai,2.78%,5%,1604%,910.7285177,2253.489056,646.782426
938,Instagram,11627,540031,32458,1521,26216,Africa,18-24,12/23/23,12/28/23,Lead Generation,Cairo,6.01%,5%,125%,4244.052986,4090.914377,3292.032637
939,LinkedIn,5873,133678,27134,1054,25450,North America,45-54,6/6/23,6/9/23,Conversion,Toronto,20.30%,4%,333%,2102.30622,3297.251914,473.4418662
940,LinkedIn,16350,614603,12401,1886,927,Europe,18-24,8/10/23,8/16/23,Conversion,Madrid,2.02%,15%,-94%,5469.898223,6287.683704,4592.418073
941,Twitter,13512,534462,32735,684,20830,Africa,45-54,5/17/23,6/5/23,Awareness,Nairobi,6.12%,2%,54%,5722.258653,7659.018854,130.7224935
942,Facebook,6058,768425,18541,370,7951,North America,55+,4/30/23,5/25/23,Awareness,Los Angeles,2.41%,2%,31%,2525.160754,3304.548683,228.2905631
943,Instagram,17908,305415,7131,1397,56275,Africa,35-44,12/22/23,12/25/23,Lead Generation,Nairobi,2.33%,20%,214%,7811.753366,7637.931208,2458.315426
944,Instagram,6286,861152,30691,161,91568,Africa,35-44,11/30/23,12/19/23,Conversion,Cairo,3.56%,1%,1357%,2933.159896,2457.687672,895.1524326
945,LinkedIn,9458,511613,33536,1678,44895,South America,55+,5/8/23,5/20/23,Conversion,Buenos Aires,6.55%,5%,375%,3283.702611,5566.754125,607.5432635
946,Facebook,2540,522655,47805,647,12031,Africa,18-24,5/16/23,6/10/23,Conversion,Cairo,9.15%,1%,374%,1076.775503,1390.755011,72.46948595
947,TikTok,6457,68486,28781,1952,26199,North America,55+,9/22/23,10/11/23,Lead Generation,Los Angeles,42.02%,7%,306%,1595.054486,1980.428092,2881.517422
948,Facebook,5965,816869,22871,176,42911,Asia,45-54,6/6/23,6/8/23,Conversion,Tokyo,2.80%,1%,619%,2787.349998,2975.515006,202.1349958
949,Twitter,8222,924421,23129,515,52508,South America,25-34,8/28/23,9/19/23,Lead Generation,Buenos Aires,2.50%,2%,539%,2196.704914,4727.900777,1297.394309
950,Twitter,12128,371911,35253,1193,66485,North America,25-34,7/15/23,8/12/23,Conversion,Toronto,9.48%,3%,448%,5575.652806,6540.796661,11.5505327
951,Facebook,11092,477476,43606,533,84491,Europe,45-54,5/29/23,6/28/23,Lead Generation,London,9.13%,1%,662%,2251.052699,4872.221613,3968.725688
952,Twitter,19440,927579,43936,126,84053,Europe,18-24,1/21/23,1/25/23,Conversion,Madrid,4.74%,0%,332%,6241.90216,8828.607935,4369.489905
953,Twitter,12078,867450,9479,1616,4099,North America,18-24,9/20/23,10/9/23,Conversion,Chicago,1.09%,17%,-66%,4269.9944,4325.623502,3482.382098
954,Twitter,1141,60287,28089,768,82571,North America,25-34,5/12/23,5/28/23,Awareness,Toronto,46.59%,3%,7137%,463.4142531,432.9299277,244.6558192
955,LinkedIn,13684,917943,31261,601,14711,Asia,25-34,4/30/23,5/9/23,Lead Generation,Shanghai,3.41%,2%,8%,2804.691564,5098.636351,5780.672085
956,Facebook,1167,315211,40947,1734,92855,South America,25-34,9/22/23,9/26/23,Lead Generation,São Paulo,12.99%,4%,7857%,540.7956255,637.8348223,-11.63044776
957,Facebook,13943,617419,1530,57,44182,North America,25-34,3/21/23,4/6/23,Lead Generation,Los Angeles,0.25%,4%,217%,5426.302808,5190.621265,3326.075927
958,TikTok,15025,839942,38807,917,90104,South America,45-54,5/28/23,6/5/23,Conversion,Lima,4.62%,2%,500%,4750.590132,6873.983683,3400.426185
959,TikTok,12815,665672,3962,549,4408,South America,18-24,12/21/23,12/30/23,Lead Generation,Lima,0.60%,14%,-66%,6008.588357,4202.246639,2604.165005
960,TikTok,11483,920257,12114,1150,2373,Asia,55+,4/24/23,5/4/23,Conversion,Seoul,1.32%,9%,-79%,5287.20881,5834.346053,361.445137
961,LinkedIn,12474,711814,27761,283,75529,South America,35-44,1/11/23,1/12/23,Conversion,São Paulo,3.90%,1%,505%,6182.507794,7448.790952,-1157.298746
962,Instagram,18132,637360,22859,323,94156,North America,18-24,11/27/23,12/5/23,Lead Generation,Los Angeles,3.59%,1%,419%,5110.790882,10855.2888,2165.920318
963,Instagram,18357,293593,9960,290,18654,South America,35-44,10/5/23,10/30/23,Conversion,Buenos Aires,3.39%,3%,2%,3884.546762,8801.756871,5670.696366
964,Instagram,17457,660263,16531,37,2276,North America,18-24,11/18/23,12/8/23,Conversion,Los Angeles,2.50%,0%,-87%,8204.728725,10375.73212,-1123.460843
965,Facebook,18372,44028,12511,1875,98279,Asia,18-24,9/25/23,10/11/23,Conversion,Seoul,28.42%,15%,435%,9117.209089,9760.390275,-505.5993638
966,Facebook,5699,289639,12017,791,67799,Africa,25-34,6/27/23,7/10/23,Lead Generation,Nairobi,4.15%,7%,1090%,2073.185318,1795.480019,1830.334662
967,LinkedIn,10337,348130,1240,614,58686,Asia,45-54,12/20/23,1/8/24,Awareness,Mumbai,0.36%,50%,468%,3122.409486,3531.552203,3683.038311
968,Twitter,6998,843410,17057,1143,85874,Africa,35-44,7/15/23,7/29/23,Conversion,Lagos,2.02%,7%,1127%,3252.174027,3661.996594,83.82937882
969,LinkedIn,12560,901355,15121,1280,44410,Europe,45-54,1/7/23,1/26/23,Awareness,Madrid,1.68%,8%,254%,5608.988074,5967.690158,983.3217688
970,Twitter,5626,251717,14667,848,45962,Africa,18-24,10/8/23,10/26/23,Conversion,Cape Town,5.83%,6%,717%,1302.570882,3082.474911,1240.954208
971,Twitter,4527,658757,45903,220,84384,South America,25-34,12/28/23,1/8/24,Awareness,Lima,6.97%,0%,1764%,1188.519104,1819.861309,1518.619587
972,Facebook,4866,430912,11767,437,30098,North America,35-44,1/7/23,1/9/23,Lead Generation,New York,2.73%,4%,519%,2259.694345,2790.852994,-184.547339
973,Instagram,19087,584437,43857,803,873,South America,25-34,4/6/23,4/20/23,Awareness,Buenos Aires,7.50%,2%,-95%,9160.997818,7728.292815,2197.709367
974,Twitter,9651,989560,3957,1244,8539,Africa,45-54,7/27/23,8/10/23,Conversion,Cairo,0.40%,31%,-12%,3244.229955,4647.172382,1759.597664
975,Facebook,8671,734850,35158,1910,63773,Asia,45-54,11/7/23,11/19/23,Conversion,Mumbai,4.78%,5%,635%,2043.445196,4944.815502,1682.739301
976,Facebook,4189,455197,33251,523,39128,Africa,45-54,4/9/23,4/17/23,Lead Generation,Lagos,7.30%,2%,834%,1221.75039,2333.370008,633.8796021
977,TikTok,13353,680809,34795,1789,85361,South America,55+,6/19/23,7/7/23,Conversion,Bogotá,5.11%,5%,539%,4437.349196,6676.524234,2239.12657
978,TikTok,678,569975,46658,1855,9710,North America,18-24,6/25/23,7/15/23,Lead Generation,Toronto,8.19%,4%,1332%,170.551194,213.9199352,293.5288708
979,Instagram,3914,341925,24257,1441,79960,Europe,25-34,11/23/23,12/1/23,Conversion,Madrid,7.09%,6%,1943%,916.6553677,2076.677012,920.6676208
980,TikTok,1638,859603,27119,337,18403,Europe,55+,4/18/23,5/4/23,Conversion,Madrid,3.15%,1%,1024%,679.6583117,926.2247863,32.116902
981,LinkedIn,4222,171392,8223,508,32316,South America,35-44,2/3/23,2/28/23,Conversion,Lima,4.80%,6%,665%,1003.773056,1900.946872,1317.280072
982,Instagram,5021,559489,4772,582,1172,South America,18-24,8/5/23,8/11/23,Lead Generation,Lima,0.85%,12%,-77%,2163.784414,2431.037733,426.1778535
983,TikTok,2779,484237,30346,215,52919,Europe,35-44,5/11/23,6/6/23,Lead Generation,Berlin,6.27%,1%,1804%,1382.095878,1292.686285,104.2178376
984,Twitter,17223,403382,20762,167,49514,Asia,55+,4/12/23,5/3/23,Awareness,Seoul,5.15%,1%,187%,3531.195728,6127.004098,7564.800174
985,LinkedIn,4055,713395,23207,388,59367,Asia,35-44,1/15/23,1/30/23,Lead Generation,Tokyo,3.25%,2%,1364%,1225.656961,2401.195941,428.1470973
986,Instagram,15036,516704,41088,975,63772,Asia,35-44,4/26/23,5/12/23,Conversion,Tokyo,7.95%,2%,324%,6339.094693,5223.195881,3473.709426
987,Twitter,18877,129223,28096,1202,59045,Europe,35-44,5/23/23,5/27/23,Conversion,London,21.74%,4%,213%,6506.504709,6722.83877,5647.656522
988,Instagram,1638,463038,549,1809,80801,Africa,45-54,3/30/23,4/16/23,Conversion,Nairobi,0.12%,330%,4833%,639.3877273,793.618731,204.9935417
989,Instagram,6994,809417,29658,673,76849,North America,35-44,2/27/23,3/15/23,Awareness,New York,3.66%,2%,999%,2708.991271,2984.188082,1300.820647
990,TikTok,2543,118094,15325,9,6342,South America,45-54,3/5/23,3/26/23,Lead Generation,Buenos Aires,12.98%,0%,149%,706.3789793,893.5235628,943.0974579
991,LinkedIn,12576,234555,9790,1649,41629,Europe,45-54,3/23/23,3/26/23,Conversion,Berlin,4.17%,17%,231%,5984.240002,5587.01964,1004.740359
992,Twitter,10929,460068,3062,1630,89211,Asia,45-54,12/11/23,12/26/23,Awareness,Shanghai,0.67%,53%,716%,2815.446976,3405.796439,4707.756585
993,Instagram,17247,853693,20175,696,93920,Europe,55+,11/13/23,11/25/23,Lead Generation,Berlin,2.36%,3%,445%,6820.706404,7271.518312,3154.775284
994,TikTok,7463,122975,8909,1241,58707,Africa,25-34,3/17/23,4/6/23,Awareness,Nairobi,7.24%,14%,687%,2065.194,2876.020669,2521.785331
995,Instagram,8224,814632,34465,94,11733,Africa,45-54,1/12/23,1/30/23,Lead Generation,Cairo,4.23%,0%,43%,3850.07028,2778.490212,1595.439508
996,Twitter,6981,163887,30783,1142,69093,Europe,25-34,8/20/23,9/19/23,Awareness,Paris,18.78%,4%,890%,3403.671516,2106.258628,1471.069856
997,LinkedIn,19381,414292,48055,1123,78647,Africa,55+,4/11/23,4/24/23,Awareness,Lagos,11.60%,2%,306%,5557.861568,10239.64288,3583.495552
998,LinkedIn,1427,657943,28742,600,29497,South America,18-24,6/11/23,6/14/23,Lead Generation,São Paulo,4.37%,2%,1967%,388.0072802,481.398324,557.5943958
999,Facebook,18789,597989,23270,884,64262,South America,35-44,5/8/23,5/9/23,Lead Generation,Bogotá,3.89%,4%,242%,5104.194228,9997.972688,3686.833084
1000,Facebook,966,692968,39852,481,25537,Asia,18-24,4/23/23,5/23/23,Conversion,Shanghai,5.75%,1%,2544%,233.9377248,475.9785303,256.0837449